2818 4802
183 315 264 390 vm
336 415 341 423 ,
471 285 981 398 ,rotarioro

188 476 310 560 finem
333 475 441 585 Refin.
467 484 519 570 ad
534 479 685 584 secund.
715 483 849 581 Objecr.
869 478 1123 562 Geometrico
1140 479 1298 569 ordine*

189 582 373 683 disposita
395 587 516 678 habet
541 585 772 676 Cartesrus,
791 585 1006 675 tranflulit3
1036 609 1175 671 omnes
1196 589 1292 686 qui-e

189 685 281 761 dem
305 690 414 762 illius
439 683 706 776 Definitiones
728 685 1044 796 praemittendo,
1076 691 1294 788 acPropo<

67 830 73 844 κ
189 787 350 870 sationes
372 789 460 864 'iuis
489 773 721 881 inserendo,
760 808 797 864 at
824 791 1025 864 Axiomata
1049 814 1131 863 non
1159 793 1292 866 conti.

188 886 276 983 nuti
299 887 615 980 Definitionibus
640 891 927 1000 subnectendo,
966 888 1034 993 sed
1057 890 1141 990 post
1170 915 1294 990 quat:-

117 1049 122 1061 .
187 1005 268 1065 tam
288 990 450 1066 demum
459 991 772 1092 Propofitionem
789 989 1101 1090 interponendo,
1127 1015 1292 1075 eorum·

77 1133 79 1140 .
187 1115 271 1189 que
304 1093 508 1182 ordinem,
557 1120 638 1190 qno
657 1096 810 1169 facilius
837 1093 1097 1167 demonstrari
1121 1090 1289 1192 pulsent,

188 1193 461 1284 immutando,
495 1221 553 1282 „ac
577 1193 789 1294 quaedam,
839 1195 987 1292 quibus
1019 1219 1111 1269 non·
1133 1195 1291 1292 egebat,

158 1338 162 1360 ι
192 1297 444 1373 omittendo.'
482 1303 530 1373 Et
547 1301 730 1391 quamvis
747 1297 842 1372 haec
858 1299 1062 1369 Axiornata
1086 1307 1150 1382 (ut
1166 1297 1291 1372 etiam

188 1394 309 1492 habet
325 1397 408 1496 ipse
427 1397 622 1474 Cartefias
641 1399 818 1498 postulat
836 1420 888 1488 7.)
910 1395 1029 1470 instar
1045 1395 1293 1476 Theorema·

147 1584 159 1597 „
190 1511 278 1589 tum
303 1497 584 1590 demonstrari,
620 1525 664 1571 ac
698 1502 816 1574 etiam
850 1500 1088 1590 concinnius
1122 1501 1292 1572 nornine

191 1597 517 1698 Propofitionum
543 1603 680 1687 venire
702 1597 826 1700 poffe,
865 1600 1085 1690 Authorem
1109 1597 1292 1676 nostrum

191 1718 282 1776 non¹
300 1699 448 1800 fugiat,
479 1701 634 1798 nosque
655 1705 794 1789 etiam,
825 1717 870 1773 ut
895 1701 938 1773 id
960 1695 1142 1800 effectum
1165 1699 1291 1790 daret,

147 1837 152 1846 ·
191 1803 443 1904 peticionum
468 1810 616 1898 majora
643 1819 794 1893 tamen,
817 1799 963 1900 quibus
981 1801 1033 1876 est
1055 1803 1291 1900 impiicitus,
1349 1811 1361 1842 ³

191 1905 354 2000 negotia
384 1907 422 1980 ei
440 1921 595 1981 tantum
622 1904 809 1992 duarum,
829 1904 985 2000 'quibus
1008 1905 1086 1978 hoc
1104 1926 1208 2002 opus
1223 1903 1290 1983 ab·

192 2000 347 2078 solver'e
371 2022 528 2080 coaonae
552 2003 652 2093 fuit,
693 2006 999 2106 septimanarum
1027 2007 1158 2094 ocium
1194 2027 1291 2078 con·

191 2101 407 2202 besserunt,
437 2107 617 2206 adeoque
647 2111 690 2180 in
722 2106 835 2182 causa
865 2103 996 2196 fuere,
1039 2129 1120 2204 quo
1153 2107 1292 2195 minus

86 2256 88 2262 -
192 2222 234 2280 et
251 2205 325 2282 suo
342 2223 382 2284 et
399 2209 535 2296 nostro
554 2207 746 2300 defiderio
762 2205 984 2282 satisfacere
996 2206 1195 2306 potuerit,
1221 2204 1293 2282 sed

194 2407 546 2488 demonstrationis
582 2412 710 2488 vicem
750 2409 882 2484 subire
914 2407 1058 2509 potest,
1098 2411 1292 2500 maiorem

194 2533 241 2586 ao
265 2515 456 2589 omnibus
485 2516 661 2590 numeris
686 2511 905 2588 absolutam
929 2514 975 2586 in
999 2508 1109 2586 aliud
1130 2525 1211 2583 tem
1244 2533 1293 2586 aa

192 2616 384 2713 rejecerit.
432 2618 475 2690 Si
490 2615 594 2689 forte
621 2615 705 2714 post
723 2619 825 2690 hano
841 2611 1061 2687 distractam
1078 2615 1185 2712 impr
1248 2636 1293 2685 o·
1356 2627 1365 2638 “

193 2735 290 2786 nem
307 2737 412 2788 nova
427 2713 706 2803 adornaretur,
735 2713 784 2788 ad
799 2703 1156 2814 quamaugendam
1175 2735 1296 2792 cona,

194 2809 332 2888 bimur
356 2817 474 2890 etiam
500 2817 548 2888 ab
573 2816 660 2918 ipio
676 2821 904 2917 impetrare,
935 2830 978 2888 ut
992 2809 1116 2889 totam
1132 2817 1290 2889 tertiam

193 2914 351 2988 Partem
385 2916 435 2994 de
462 2914 866 3017 Mundo·aspectabiti
892 2921 1019 3010 (cujus
1049 2932 1203 2992 tantum
1225 2911 1293 2988 ad·

193 3017 400 3109 iunximus
420 3016 707 3118 fragmentum,
746 3043 837 3092 cum
868 3020 1024 3095 Author
1050 3017 1117 3092 hic
1137 3015 1294 3110 institu-

193 3117 300 3216 tioni
324 3113 444 3192 finem
470 3118 723 3220 imposuerit,
756 3135 793 3195 et
822 3143 895 3194 noa
928 3145 995 3208 eo,
1036 3117 1324 3216 quantulum-·

196 3242 356 3317 cunque
382 3216 443 3310 stt,
475 3222 664 3296 lectorem
690 3223 847 3322 privare
872 3223 1141 3296 uoluerimuss
1169 3218 1298 3293 absol-

194 3336 276 3394 vat.
330 3323 458 3420 Atque
472 3323 547 3397 hoc
563 3340 608 3400 ut
627 3324 764 3400 debito
782 3321 902 3396 modo
926 3317 1169 3423 perficiatur,
1197 3322 1295 3394 hino

196 3419 295 3498 inde
326 3426 370 3496 iu
402 3421 571 3499 secundi
599 3429 713 3500 Parte
742 3424 935 3522 quaedam
973 3423 1023 3498 de
1055 3419 1296 3498 Fluidorum

196 3541 341 3622 natura
366 3540 404 3614 et
428 3527 735 3627 proprietatibus
763 3523 1053 3626 Propofitiones
1082 3523 1295 3622 interspar-

198 3623 352 3726 gendae
373 3645 522 3716 erunt,
555 3629 667 3726 quod
697 3641 737 3703 ut
760 3631 915 3704 Author
940 3642 1026 3700 tum
1046 3625 1300 3722 exsequatur,

195 3750 275 3828 pro
296 3729 405 3803 virili
421 3727 586 3807 adnitar.
779 3745 785 3757 ‘

291 3823 387 3906 ‘Nec
418 3845 572 3904 tantum
608 3834 651 3906 in
693 3828 968 3909 axiomatibus
1005 3823 1295 3928 proponendis,

199 3923 541 4038 explicandisque,
585 3932 652 4008 sed
678 3937 796 4008 etiam
822 3935 864 4006 in
893 3927 984 4030 iptis
1012 3926 1296 4026 Propofitioni·
1402 3961 1403 4014 ,

145 4039 150 4050 '
197 4033 296 4126 bue,
336 4033 573 4134 caeterisque
605 4031 936 4112 Conclofionibus
978 4029 1297 4106 demonstrandis

200 4135 411 4214 aCartefio
433 4131 645 4238 [aepiffime
671 4136 840 4222 recedit,
863 4159 907 4208 ac
924 4129 1145 4232 Apodeixi,
1172 4133 1297 4228 louge

199 4235 251 4317 ab
280 4239 392 4326 illiue
423 4236 598 4332 diversa,
633 4241 762 4338 utitur
783 4232 916 4315 noster
938 4234 1105 4332 author.
1175 4229 1297 4411 Ἓξ

58 2333 88 2373 ο·
192 2304 356 2382 brevem
374 2307 812 2386 duntaxat-iubnectans
838 2310 1160 2411 explicationem,
1186 2331 1293 2404 quae
1402 2393 1403 2398 η
