2818 4802
522 343 779 422 Pnasr.
962 311 965 326 ¹
1171 369 1195 446 9

102 529 247 626 anguli
275 529 471 615 habemns,
508 553 580 599 nos
606 526 707 622 cogit
738 525 978 613 concludere,
1018 523 1097 616 ejus
1124 543 1198 600 tres

104 633 274 726 angulos
302 627 370 700 esse
392 631 561 720 aequales
593 626 740 698 dnobus
765 628 894 714 rectis3
924 627 983 702 sed
1009 641 1205 725 negamus,
1250 687 1254 694 .

105 756 179 802 nos
205 729 291 803 ideo
314 731 353 800 in
379 731 520 800 nuliius
536 730 589 798 rei
605 728 861 824 cognitionem
881 731 1073 822 pervenire
1089 723 1196 825 posse,

103 840 231 917 Nom,
278 849 319 902 ut
342 857 386 900 ex
410 830 586 900 omnibus
611 828 761 918 jamjam
793 829 902 900 dictis
924 847 1044 922 patet,
1088 829 1198 902 cardo

106 935 229 1008 totius
254 935 307 1002 rei
333 932 372 1002 in
403 933 472 1001 hoc
490 930 568 1002 soso
584 929 764 1017 versatur,
785 953 920 1024 nempe
942 949 983 1000 ut
999 933 1110 1012 talem
1126 933 1201 1004 Dei
1248 923 1255 942 ”
1354 991 1356 998 .

105 1050 334 1126 conceptum
351 1027 544 1102 essorrnare
561 1024 752 1123 possimus,
780 1031 931 1124 quinos
949 1032 999 1102 ita
1016 1031 1199 1126 disponat,

106 1155 152 1204 nt
178 1134 294 1206 nobis
317 1157 394 1204 non
420 1128 537 1226 aeque}
561 1130 668 1200 facile
699 1129 741 1200 sit
772 1131 956 1226 cogitare,
1001 1157 1087 1206 cum
1120 1131 1198 1222 esse,
1293 1219 1297 1228 q

106 1259 327 1329 quaruxnon
355 1231 420 1301 esse
445 1233 697 1325 deceptoren13
733 1230 793 1304 sed
816 1232 880 1328 qui
899 1256 967 1306 nos
985 1250 1089 1329 cogat
1107 1233 1198 1305 affit-

107 1361 234 1421 mare,
272 1359 355 1404 (eum
383 1332 450 1403 esse
474 1333 616 1406 summe
638 1355 833 1405 veracem.‘
867 1333 955 1414 Ubi,
971 1335 1071 1404 enim
1089 1337 1198 1406 talem

107 1438 236 1506 ideam
270 1430 607 1518 effornnverimus,
645 1433 708 1500 illa
739 1431 784 1520 dc
807 1433 1080 1512 Mathematicis
1105 1439 1200 1508 veri-

109 1537 251 1606 taribus
278 1535 475 1607 dubitandi
500 1534 595 1604 ratio
616 1532 779 1602 tolletur:
832 1539 953 1616 Nam,
974 1559 1199 1632 quocunque

110 1655 194 1708 tum
237 1639 371 1707 meniis
411 1636 527 1705 aciem
565 1653 842 1719 convertemus,
892 1651 934 1708 ut
962 1636 1007 1706 de
1047 1632 1199 1713 istarum
1279 1659 1282 1670 ’

108 1737 238 1831 aliqua
263 1737 498 1822 dubitemus,
532 1735 629 1807 nihil
654 1729 904 1821 offendemus,
939 1760 984 1804 ex
1008 1762 1083 1834 quo
1108 1737 1197 1832 ipso,

109 1837 429 1932 quemadmodum
465 1831 745 1908 circumferam
770 1833 998 1908 existentiam
1025 1842 1197 1935 configit,
1246 1837 1258 1850 “

109 1963 190 2009 non
227 1938 448 2010 concludere
479 1935 700 2023 debeanru's‘,
735 1936 840 2007 illam
863 1933 930 2010 csso
956 1937 1195 2012 certiffimam.

109 2045 176 2110 Ex
202 2058 294 2134 grat.
323 2037 346 2112 si
368 2034 446 2134 post
471 2039 547 2110 Dei
568 2035 688 2107 ideam
717 2035 930 2124 inventam,
964 2037 1010 2112 ad
1027 2061 1207 2130 naturum,

109 2139 311 2236 Trianguli
335 2139 589 2226 attendamus,
615 2137 731 2223 huius
754 2137 835 2210 ideo
865 2164 935 2210 noe
967 2160 1073 2238 coget
1104 2141 1194 2214 affir-

110 2265 232 2324 mare,
260 2239 338 2327 eius
363 2257 433 2312 tres
453 2239 612 2337 angulos
631 2235 699 2310 esse
714 2242 883 2334 aequales
902 2239 1049 2313 duobus
1067 2246 1194 2316 rectis:

107 2339 163 2413 fin
188 2343 233 2412 ad
258 2340 379 2410 ideam
404 2343 494 2426 Dei,
525 2341 613 2411 haec
640 2341 751 2412 etiam
775 2365 846 2414 nos
878 2339 1056 2414 affirmare
1079 2363 1196 2441 coget,

108 2467 196 2512 euru
220 2443 364 2513 summe
388 2467 574 2522 veracem,
601 2437 816 2534 nostraeque
844 2460 995 2514 naturae
1011 2441 1200 2516 effecum-2

107 2567 212 2634 rem,
244 2558 283 2612 et
304 2543 525 2620 continuum
546 2541 865 2617 conservatorem,
890 2557 1000 2639 atque
1015 2544 1105 2614 adeo
1125 2571 1195 2618 nos

108 2645 208 2716 circa
238 2639 345 2714 istam
377 2641 567 2718 veritatem
598 2665 676 2712 non
710 2641 889 2741 decipere.
956 2649 1033 2716 Nec
1066 2648 1195 2720 minus

106 2741 330 2840 impossibile
360 2741 471 2817 nobis
501 2746 570 2816 erit
591 2742 773 2839 cogitare,
815 2743 879 2813 ubi
902 2742 948 2812 ad
967 2747 1037 2816 Dei
1060 2746 1193 2834 ideam,

106 2849 238 2940 (quam
272 2870 343 2920 nos
372 2843 553 2918 invenisse
574 2843 649 2936 jam
673 2841 936 2943 supponimus)
956 2847 1194 2938 attendimus,
1256 2885 1268 2900 ,

107 2941 281 3018 comesse
298 2939 544 3044 deceptoiem,
573 2969 698 3041 quam,
719 2945 785 3018 ubi
803 2947 847 3019 ad
865 2947 986 3021 ideam
996 2951 1196 3047 Trian‘guli

105 3047 359 3138 attendimus,
392 3047 573 3146 cogitare,
608 3065 687 3147 ⁸tres
716 3045 796 3138 ejus
823 3050 982 3146 angulos
1017 3075 1096 3122 non
1127 3050 1194 3123 esse

106 3151 279 3246 aequales
321 3149 469 3226 du‘obus
507 3147 629 3225 rectia.
673 3152 766 3226 -Εῑ,
821 3151 878 3224 uti
915 3146 1104 3248 possumus
1145 3171 1194 3224 ta·

104 3252 183 3324 lem
223 3250 421 3347 Trianguli
466 3250 591 3322 ideam
636 3245 818 3339 formare,
874 3252 1044 3346 quamvis
1083 3251 1210 3328 nesci-⁸
1305 3277 1309 3283 ·
1399 3271 1400 3276 ’

104 3373 244 3442 emus‚.
269 3376 319 3424 an
341 3369 451 3425 autor
477 3347 622 3426 nostrae
646 3369 800 3426 naturae
825 3375 896 3422 nos
923 3351 1103 3448 decipiam
1147 3353 1220 3428 fic*

104 3454 217 3524 ceiam
248 3449 440 3550 possumus
468 3453 591 3524 ideam
624 3454 697 3526 Dei
717 3449 829 3526 nobis
858 3453 995 3528 claram
1031 3455 1194 3538 reddere,

105 3573 218 3650 utque
245 3553 294 3624 ob
323 3553 454 3627 oculos
470 3577 627 3650 ponere,
652 3554 822 3652 quamvis
840 3553 951 3625 etiam
967 3555 1192 3644 dubitemus,
1207 3642 1211 3657 ἱ

106 3679 152 3726 au
180 3652 326 3728 nostrae
350 3673 503 3727 naturae
527 3672 635 3749 autor
657 3678 728 3725 nos
750 3656 791 3726 in
815 3657 991 3730 omnibus
1024 3660 1191 3753 decipiat.

105 3760 153 3830 Et
185 3755 303 3828 modo
335 3758 440 3832 illum
470 3755 690 3844 habeamus,
739 3757 1082 3851 quomodocunque
1112 3785 1194 3832 eam

106 3855 429 3951 acquisiverimus,
471 3855 639 3943 sufficiet,
683 3873 727 3928 ut
748 3855 898 3948 jamjam
925 3858 1107 3930 ostensum
1133 3857 1192 3945 est,

106 3959 151 4026 ed
175 3983 290 4032 onrne
314 3960 471 4030 dubium
489 3959 713 4032 tollendum.
768 3963 838 4030 His
854 3960 978 4053 itaque
994 3960 1193 4058 praemissis

106 4059 149 4126 ad
173 4056 428 4154 difficultatem
451 4066 594 4133 r'notam
618 4059 845 4158 respondem
871 4081 944 4134 noe
968 4061 1013 4130 do
1033 4063 1138 4132 nulii
1157 4088 1194 4134 re

109 4157 204 4251 posse
220 4159 288 4230 esse
305 4177 444 4247 renos,
471 4187 548 4244 non
567 4161 736 4256 quidem,
764 4163 940 4257 quamdiu
950 4161 1022 4234 Dei
1039 4161 1192 4234 existen-

107 4261 195 4332 tiam
212 4262 542 4364 ignoramua(nam
561 4267 606 4336 de
623 4265 689 4337 hac
708 4287 746 4332 re
764 4289 840 4334 non
859 4262 1167 4359 locutussun1)[9

705 4369 735 4438 Β
1132 4369 1191 4437 seu
