2818 4802
222 366 272 442 24
385 347 394 390 ¹
408 321 945 423 Pmncrrtteirrnosoettitss
978 369 1135 422 cinnes.

808 452 811 482 Ι

223 543 362 610 Verum
380 531 403 604 si
422 534 466 604 ad
487 559 504 608 2
525 509 669 604 axioma
688 557 733 604 ex
747 531 894 606 duobus
909 533 1024 606 modo
1041 523 1164 608 allniie
1188 549 1308 606 atten-

224 641 292 720 do,
304 627 307 634 ¹
319 634 477 720 videtur,
494 634 594 730 qnod
612 659 676 727 per
694 633 813 722 majus
834 651 870 706 et
894 632 1080 706 difficilius
1096 635 1311 732 intelligere

223 737 366 824 vultid‚
382 737 482 832 quod
494 731 690 829 perfectius
700 731 761 822 est,
779 737 979 829 perminus
988 760 1078 806 vero
1097 754 1135 806 et
1147 735 1311 825 facilius,

111 838 115 851 ¹
193 839 280 924 sid,
302 839 411 933 ,quod
438 835 702 934 imperfectius.
731 843 803 912 ’At
827 838 899 908 hoc
925 836 1034 906 etiam
1055 837 1163 907 valde
1180 837 1312 912 obseu-

161 941 167 946 ’
224 963 311 1014 rum
330 937 492 1014 videtur.
541 942 638 1007 Nom
669 937 796 1007 eadem
815 938 877 1006 hic
904 933 1191 1022 eftdifficultas,
1216 961 1313 1031 quae

222 1039 401 1133 superius.
454 1043 565 1133 Nego
593 1041 714 1124 enini,
756 1055 799 1106 ut
824 1037 951 1136 supra,
978 1062 1083 1126 eom,
1109 1035 1313 1132 qnipotest

225 1143 304 1238 [²³]
330 1138 448 1229 majus
470 1138 608 1220 fecere,
639 1135 739 1234 posse
763 1135 889 1226 simpl,
914 1156 951 1207 et
966 1138 1091 1208 eadem
1111 1163 1242 1234 opero,
1269 1157 1315 1208 nt

223 1242 265 1312 in
302 1239 556 1335 Proposttionc
586 1238 694 1310 debet
727 1237 906 1332 supponi,
949 1241 1050 1334 quod
1088 1243 1215 1312 minus
1247 1234 1313 1328 est,

225 1341 357 1419 secere.
412 1340 557 1413 Deinde
580 1341 645 1410 ubi
661 1342 732 1425 ait,
761 1340 885 1432 rnajue
903 1330 952 1434 est
973 1365 1112 1424 creare,
1130 1333 1213 1442 stne
1228 1365 1315 1410 con·

193 1459 197 1478 '
217 1433 645 1543 servaresubstontiom,
672 1465 783 1534 quom
799 1440 998 1520 attributo,
1026 1441 1111 1512 sane
1127 1468 1191 1536 per
1208 1441 1315 1512 attri-

226 1547 315 1617 buto
341 1569 421 1614 non
450 1542 658 1638 intelligere
682 1537 817 1636 potest,
846 1543 905 1624 id,
932 1542 1032 1638 quod
1050 1543 1090 1611 in
1111 1539 1315 1614 substantia

225 1644 436 1717 formaliter
451 1641 684 1730 continetur,
710 1660 748 1712 et
769 1643 815 1714 ob
830 1643 905 1737 ipsa
924 1641 1118 1714 substantio
1144 1668 1224 1714 non
1242 1639 1315 1714 nisi

225 1747 372 1837 ratione
394 1741 646 1838 distinguitur.
689 1749 785 1814 Nam
812 1762 894 1816 tum
909 1748 1011 1818 idem
1029 1742 1076 1814 eli
1093 1769 1213 1816 creare
1230 1743 1314 1814 snb·

224 1843 407 1927 stantiam.
433 1869 546 1939 quam
560 1869 681 1918 creare
697 1847 885 1920 attributo.
917 1851 997 1918 Nec
1012 1847 1136 1930 etiam,
1160 1835 1316 1939 propter

116 2010 120 2022 .
227 1947 383 2020 eandem
417 1947 619 2029 rationem,
666 1946 876 2044 intelligere
915 1943 1031 2042 potest
1067 1947 1317 2040 proprietates

192 2044 463 2132 substantiae,
513 2069 607 2140 quae
640 2069 686 2116 ex
723 2046 804 2134 eins
835 2043 983 2118 essentie
1024 2063 1061 2118 et
1093 2045 1318 2118 definitione

226 2145 422 2220 necessario
454 2146 667 2242 sequuntur.
723 2150 850 2220 Multo
872 2150 982 2218 etiam
1012 2146 1140 2220 minus
1174 2148 1316 2219 intelli·

227 2273 318 2348 gero
336 2243 470 2344 potest,
498 2248 600 2344 quod
626 2265 753 2320 temen
769 2251 917 2322 vitietur
933 2251 1045 2335 velle,
1069 2251 1317 2346 proprietates

227 2369 264 2422 et
289 2350 464 2420 attributo
495 2349 644 2422 alterius
665 2347 903 2438 substantiae,
939 2367 980 2422 ut
1004 2375 1060 2420 ex.
1084 2375 1139 2444 gr.
1167 2349 1192 2420 fi
1217 2351 1317 2436 dico,

227 2453 328 2546 quod
353 2447 566 2547 potestatem
592 2453 708 2524 habeo
734 2452 780 2522 ad
806 2475 884 2536 me,
918 2447 1154 2522 substantiam
1180 2449 1318 2522 scilicet

227 2551 454 2649 cogitantem
468 2551 624 2640 finitent,
647 2552 953 2638 conservandum,
973 2577 1053 2622 non
1067 2553 1152 2622 ideo
1170 2548 1317 2646 possum

228 2653 368 2738 dicere,
399 2653 502 2745 quod
525 2655 678 2726 habeam
702 2656 816 2724 etiam
840 2649 1052 2747 potestatem
1075 2654 1170 2724 mihi
1199 2653 1319 2724 doridi

225 2752 473 2850 perfectiones
495 2751 714 2824 substantiae
737 2754 925 2838 infinitae,
957 2779 1050 2849 qnoe
1067 2756 1144 2824 toti
1167 2751 1317 2826 essentiri
1407 2817 1408 2830 ,

108 2886 115 2897 ’
225 2855 349 2932 umeri
365 2847 498 2924 differt.
550 2859 648 2925 Nem
665 2855 722 2928 vis
747 2866 782 2937 *r
808 2853 1061 2942 incessentia,
1084 2857 1208 2950 quiin
1228 2879 1317 2926 meo
1407 2939 1408 2950 ἵ

187 2953 192 2966 “
226 2951 308 3026 Effe
331 2977 392 3024 me
415 2953 615 3042 conservo,
641 2973 722 3027 toto
740 2981 872 3053 genere
888 2953 1012 3027 differt
1025 2982 1047 3027 a
1062 2961 1100 3028 vi
1117 2956 1187 3027 sivo
1203 2956 1318 3028 essen·
1407 2969 1408 2972 ’

226 3055 299 3144 tii,
339 3076 412 3149 qut
445 3051 644 3126 substantia
669 3055 836 3130 obsolute
866 3055 1015 3130 infinita
1046 3058 1080 3128 se
1110 3057 1317 3146 conservat,

227 3180 248 3227 e
271 3165 351 3250 qua'
369 3153 447 3244 ejus
475 3156 595 3243 vireo,
629 3175 668 3228 et
688 3160 949 3253 proprietates,
981 3185 1060 3230 non
1083 3158 1151 3230 nisi
1169 3161 1318 3232 ratione

194 3281 197 3294 ·
225 3253 519 3353 distinguuntur.
573 3258 735 3354 Ideoque
758 3264 945 3358 (quamvis
979 3265 1222 3356 supponerem
1254 3285 1318 3331 me

224 3357 411 3454 meipsum
432 3357 663 3455 conservare)
679 3359 712 3444 ‚fi
739 3364 877 3434 vellem
899 3363 1110 3454 concipere,
1133 3385 1195 3432 roe
1221 3361 1320 3432 mihi

224 3456 326 3552 posse
350 3457 435 3530 dere
453 3460 697 3556 perfectiones
713 3461 931 3548 substantiae
945 3463 1110 3533 absolute
1133 3459 1318 3549 infinitae,

225 3557 325 3628 nihil
347 3560 451 3630 eliud
475 3561 740 3678 supponerem,
773 3589 886 3661 quem
911 3565 1013 3659 qnod
1035 3561 1175 3660 possem
1196 3581 1319 3634 totam
1406 3649 1407 3668 χ

224 3683 348 3750 meam
373 3657 560 3734 essentiam
580 3668 620 3734 in
645 3667 810 3739 nihilum
828 3663 1014 3760 redigere,
1041 3685 1077 3736 et
1091 3667 1218 3737 denno
1234 3665 1320 3736 sub·

224 3755 395 3832 stantiam
422 3760 612 3836 infinitam
637 3790 772 3844 creare.
823 3768 933 3862 Quod
956 3765 1041 3838 sane
1066 3768 1180 3860 longe
1196 3763 1320 3854 majus

224 3857 329 3952 esset,
369 3887 484 3960 quem
519 3855 667 3940 tentu‘m
691 3866 918 3964 supponere,
959 3867 1061 3966 quod
1084 3866 1321 4040 possemfnpe

1253 3995 1278 4040 n

257 4089 290 4160 ')
307 4094 402 4173 ison.
422 4096 499 4168 qnod
516 4095 578 4158 vit.
597 4115 652 4171 qur
670 4097 861 4160 submittere
877 4099 1042 4160 conservet.
1062 4098 1136 4156 nihii
1156 4099 1191 4154 est
1209 4115 1321 4174 praeter

292 4163 532 4243 epis-essentiam,
560 4181 586 4218 et
613 4185 670 4219 non
698 4169 748 4220 nist
775 4167 891 4222 nomine
917 4170 951 4223 eb
977 4170 1070 4222 eedem
1097 4169 1211 4228 dissert.
1239 4173 1318 4242 quod

291 4247 416 4368 ἓξὲξ
439 4231 536 4288 iocum
564 4233 697 4298 hebebit,
733 4236 784 4292 ubi
809 4238 842 4292 iu
867 4239 1034 4314 Appendice
1057 4239 1092 4292 de
1120 4242 1173 4294 Det
1190 4242 1318 4314 potentie
