2818 4802
873 2 885 48 K
1008 1 1012 3 ,

392 246 922 448 ιιιιιιιιο,
1146 329 1194 416 η

90 493 198 598 Ιΐιιιοἱ
221 525 347 582 nemo
384 504 441 580 ita
476 504 776 606 interpretetur,
812 529 856 580 ac
885 499 914 578 fi
944 499 1195 588 oiarisfim'um

91 609 210 684 illum
236 609 373 702 vitum
397 607 441 682 in
470 607 743 709 iislcqrrigere
770 607 908 682 vellet:
941 604 1007 702 sed
1028 610 1193 700 eum-in

90 705 218 784 finem
249 723 407 785 tantum
436 703 586 804 sactum
623 723 753 808 putet,
795 724 840 782 ιιι
875 705 991 796 snum
1023 713 1098 802 jam
1129 734 1194 784 re·

91 814 257 912 ceptum
277 808 460 886 ordinem
476 809 621 896 melius
640 811 810 914 retinere
825 805 964 908 posset,
992 813 1195 888 neeAxio·
1230 813 1233 826 '

90 927 260 992 matum,
275 935 490 986 numerum
515 911 686 984 nimium
712 925 883 1010 augeret.
932 916 1024 1012 Qua
1053 910 1195 992 eadem
1326 903 1329 916 '

92 1015 215 1090 etiarn
242 1009 294 1088 de
317 1007 431 1086 eausa
444 1011 759 1111 quamplurima,
783 1034 886 1108 quae
902 1008 1094 1088 Cartefius
1110 1011 1193 1090 [ine

91 1114 177 1190 utta
205 1110 541 1202 demonstratione
575 1110 805 1213 proposuit,
837 1108 1122 1212 demonstrare,
1152 1129 1194 1192 et

90 1235 202 1316 quae
226 1213 345 1312 plane
370 1207 644 1312 praetermisit,
669 1209 818 1314 addere
831 1229 988 1290 coactus
1002 1213 1092 1294 suit.
1192 1243 1200 1258 ⁸

199 1314 477 1402 Animadverti
507 1328 639 1390 tamen
667 1315 733 1390 vel
764 1316 964 1415 imprimis
994 1319 1116 1391 velim
1147 1321 1195 1392 in

92 1415 162 1495 his
177 1417 390 1506 omnibus,
416 1440 561 1516 nempe
576 1429 659 1490 tam
673 1417 717 1492 in
735 1441 752 1500 r
776 1430 853 1490 ete
877 1417 1053 1516 Princip.
1073 1421 1195 1516 parti·

92 1515 192 1606 hue,
221 1544 267 1592 ac
281 1515 508 1618 fragmento
524 1519 680 1607 tertiae,
708 1541 827 1614 quam
843 1518 887 1594 in'
903 1519 1099 1619 Cogitatis'
1115 1515 1196 1596 suis
1221 1596 1225 1606 ,

93 1618 382 1720 Metaphyiicis
413 1618 632 1694 Aetherem
664 1617 843 1694 nostrum
872 1643 1000 1694 meras
1034 1617 1201 1704 cartem,

95 1720 333 1809 sententias,
355 1721 595 1818 illarumque
614 1717 985 1812 demonstrationes,
1011 1739 1131 1823 prout
1151 1724 1199 1798 in

95 1823 208 1898 illius
229 1819 387 1923 scriptis
410 1824 686 1921 reperiuntur,
717 1836 786 1896 aut
812 1821 945 1919 quales
979 1849 1027 1898 ex
1051 1821 1197 1898 funda·

96 1925 247 1998 mentis
264 1925 313 1998 ab
328 1925 400 1998 illo
416 1925 526 2018 jactis
541 1948 611 2024 per
627 1922 847 2022 legitimam
873 1924 1197 2023 consequentiam

97 2024 248 2102 deduci
270 2023 487 2114 debebant,
522 2019 778 2125 proposuisse.
832 2025 934 2102 Cum
952 2031 1060 2102 enim
1079 2025 1200 2101 disei-⁸

98 2127 242 2228 pulum
273 2125 391 2202 suum
416 2123 577 2204 Certesii
597 2124 893 2227 Philosophiam
927 2127 1069 2205 docere
1101 2153 1197 2227 pro·

99 2225 277 2320 misisset,
315 2229 457 2328 religio
484 2224 557 2326 ipsi
571 2223 669 2314 suit,
695 2227 745 2300 ab
764 2232 845 2322 ejus
860 2227 1052 2326 sententia
1068 2230 1197 2302 latum

100 2353 281 2430 unguem
306 2327 523 2417 discedere,
549 2345 616 2402 aut
633 2325 751 2426 quid,
778 2329 887 2430 qnod
903 2335 986 2422 ejus
1001 2329 1198 2430 dogmati-

99 2431 175 2506 bus
197 2449 266 2506 aut
290 2456 375 2507 non
401 2427 696 2530 responderet,
718 2445 787 2504 aut
811 2434 1056 2504 contrarium
1092 2426 1197 2520 esset,
1314 2479 1320 2496 .

100 2531 260 2612 dicture.
320 2529 589 2635 Quamobrem
617 2530 765 2624 judicet
795 2555 936 2619 neruo,
976 2531 1093 2606 illum
1115 2531 1195 2620 hic,

102 2649 173 2706 eut
201 2629 311 2728 [ιιῃΙ
341 2649 410 2708 aut
436 2647 593 2708 tantum
614 2657 678 2718 ea,
703 2654 805 2728 quae
829 2629 992 2731 probat,
1031 2630 1194 2710 docere.
1252 2691 1255 2698 .
1300 2677 1303 2689 ·

102 2738 296 2914 Samnitis
322 2736 431 2808 enim
456 2730 649 2835 quaedam
675 2755 767 2806 vera
788 2731 954 2828 judicet,
995 2734 1195 2831 quaedam
1303 2757 1309 2780 ι

130 2860 154 2910 e
178 2835 260 2928 suis
283 2833 416 2910 addita
440 2823 625 2922 fatentur3
658 2831 784 2907 niulta
805 2849 937 2908 tamen
970 2849 1197 2928 occurrunt,

100 2961 203 3034 quae
226 2955 413 3035 tanquam
439 2933 535 3008 salsa
553 2936 699 3029 reiicit,
725 2949 764 3008 et
789 2936 978 3035 aquibus
1001 2939 1121 3037 louge
1138 2929 1197 3012 diss

99 3038 257 3113 versam
277 3036 389 3114 fovet
409 3035 653 3114 sententiam.
707 3038 832 3130 Cujus
856 3053 974 3112 notae
987 3040 1091 3114 inter
1109 3041 1197 3128 alie,
1228 3079 1232 3088 ι

99 3155 146 3212 ut
168 3165 218 3214 ex
240 3141 379 3222 multis
403 3161 532 3213 unum
561 3145 716 3213 tantum
740 3141 785 3215 in
812 3137 991 3213 medium
1025 3133 1199 3230 afferam,

98 3239 213 3330 sunt,
238 3266 339 3340 quae
364 3236 413 3315 de
429 3241 636 3316 voluntate
657 3240 855 3316 habentur
874 3239 993 3321 Scires,
1010 3241 1119 3337 Prop.
1144 3261 1199 3330 15,

99 3361 202 3438 port.
234 3371 260 3418 ι.
286 3345 497 3438 Principior.
526 3340 561 3413 lt
593 3346 684 3436 Cap.
719 3367 774 3414 ιι.
805 3362 901 3442 past.
936 3369 967 3417 2.
998 3345 1199 3442 Appendic.

100 3439 409 3544 quamvis'satis
440 3465 587 3544 magno
615 3437 827 3518 molimiite
861 3459 979 3541 atque
1007 3471 1027 3518 a
1060 3461 1200 3546 paratu

99 3545 267 3646 probata
289 3546 512 3622 videantur.
553 3547 697 3642 Neque
720 3547 828 3618 enim
859 3570 943 3618 eam
976 3471 1201 3623 disiectam
1317 3592 1336 3626 ι

101 3647 150 3720 ab
173 3647 401 3734 Intellectu,
432 3647 560 3722 multo
581 3649 718 3721 minus
740 3646 810 3720 tati
821 3647 1043 3764 praeditam
1062 3645 1136 3723 esse
1152 3647 1200 3722 li·

100 3747 251 3823 bertate
277 3747 484 3832 existimat.
541 3749 698 3822 Etenim
721 3748 766 3820 in
788 3747 852 3834 lus
879 3743 1110 3836 asserendis,
1148 3749 1200 3822 ¹ut

100 3873 149 3924 ex
177 3841 376 3953 Differtut.
408 3851 454 3922 de
484 3847 656 3926 Method.
682 3865 781 3946 part.
802 3861 852 3956 sq.
886 3869 921 3924 et
951 3851 1129 3924 Meditat.
1162 3872 1198 3923 ιι.

103 3951 268 4052 aliisque
285 3951 550 4060 locishqupt,
574 3948 732 4025 tantiam
757 3942 968 4057 supponit,
993 3975 1086 4038 ,ηοιι
1110 3974 1200 4051 pro·

100 4049 169 4126 hat
185 4051 405 4139 Cartesius,
424 4069 600 4128 mentem
615 4051 832 4128 humanam
856 4049 930 4130 esse
945 4050 1202 4130 substantiam

103 4151 280 4230 absolute
303 4156 555 4254 cogitantem.
610 4159 709 4228 Gum
734 4166 873 4228 contra
899 4155 1055 4230 Author
1070 4151 1202 4230 noster

100 4255 287 4350 admittat
310 4253 498 4361 quidem,
527 4258 575 4348 in
594 4261 749 4335 Rerum
771 4271 914 4336 natura
931 4249 1006 4333 esse
1027 4253 1208 4346 substan·
1255 4283 1259 4294 ·

1103 4359 1203 4434 tiam
