2818 4802
230 377 254 447 3
393 361 606 437 Parracuua
642 351 939 435 aurcoeortatta
973 381 1139 458 caurus.
1263 396 1268 430 t

229 543 374 621 damus.
428 545 523 617 Vide
537 543 712 642 ·Prlncip.
738 563 832 642 part
856 569 893 622 ·ῐ·.
916 546 1026 621 artic.
1056 557 1113 633 13.
1148 563 1186 618 et
1213 543 1335 642 Resp.

229 646 276 717 etl
292 646 440 719 secund.
461 647 596 738 object.
619 673 724 718 num.
742 668 781 735 5.
798 647 890 720 etin
907 646 972 726 fin,
991 650 1159 721 meditat.
1178 666 1216 734 5.

330 755 496 831 Vernm;
544 749 725 843 quoniam
756 750 846 822 haec
877 748 1064 844 responsio
1095 749 1335 845 quibusdam

228 873 310 922 nou
330 848 526 936 satisfacit,
557 853 669 921 aliam
692 849 800 922 dabo.
833 851 1082 922 'Vidimus-in
1099 851 1337 946 praeceden-

227 951 352 1036 tibus,
387 951 457 1022 ubi
478 951 524 1022 de
549 949 694 1023 nostrae
720 948 934 1024 existentiae
954 947 1180 1024 certitudine
1209 973 1334 1048 atqua

122 1051 127 1061 “
226 1053 416 1124 evidentia
437 1053 705 1146 loquebamur,
740 1076 812 1124 uos
836 1053 940 1123 illam
964 1074 1078 1124 exeo
1094 1051 1331 1142 conclusisse,

227 1149 350 1250 quod,
398 1177 625 1247 quocunque
662 1157 802 1225 mentis
835 1158 953 1226 aciem
994 1153 1332 1242 convertebamut,

225 1257 374 1325 nullam
398 1255 598 1324 dubitandi
620 1256 805 1325 rationem
829 1251 1142 1340 offendebantur,
1157 1281 1251 1351 quae
1275 1281 1332 1328 eo

131 1381 137 1392 ¹
225 1357 307 1450 ipso
337 1381 408 1427 noa
431 1355 476 1425 de
504 1351 621 1426 nostri
641 1355 834 1428 existentia
860 1379 941 1428 nou
958 1358 1220 1444 convinceret,
1246 1355 1331 1431 save

148 1483 151 1493 ·
225 1459 294 1527 ubi
322 1458 368 1530 ad
393 1453 556 1528 nostram
592 1459 787 1551 propriam
815 1451 989 1530 naturam
1022 1459 1326 1550 attendebamus,

225 1557 299 1632 srve
320 1557 388 1627 ubi
410 1553 554 1629 nostrae
578 1575 733 1632 naturae
755 1577 923 1630 autorem
949 1559 1130 1630 callidum
1146 1560 1328 1656 decepto·

224 1683 306 1732 nem
328 1655 578 1754 fingebamus,
613 1657 685 1730 five
706 1659 869 1756 denique
897 1658 1010 1732 aliam
1042 1682 1325 1758 quamcunque,

214 1759 327 1832 'extra
353 1785 445 1846 uos,
470 1759 669 1831 dubitandi
689 1761 874 1834 rationem
899 1761 1192 1848 accersebamua,
1213 1765 1325 1858 quod

224 1863 321 1958 circa
345 1863 491 1932 nullam
517 1863 627 1932 aliam
654 1887 733 1944 rem
749 1861 937 1959 hucusque
953 1865 1175 1962 contingere
1190 1864 1324 1958 depre-

170 1957 173 1979 ’“
222 1961 435 2034 hendimus.
490 1969 606 2051 Nam,
631 1967 804 2058 quamvis
828 1965 875 2034 ad
897 1983 1070 2042 naturam
1086 1989 1133 2036 ex
1162 1967 1325 2062 guTri·

221 2065 354 2162 anguli
390 2064 643 2152 attendentur,
679 2067 852 2162 cogimur
879 2066 1109 2156 concludere
1132 2065 1212 2156 ejus
1242 2084 1324 2139 trec

221 2167 383 2258 angulos
400 2163 468 2236 else
484 2167 654 2259 aequales
673 2166 821 2240 duobus
838 2168 1052 2256 rectis,aon
1070 2185 1195 2240 tamen
1215 2168 1323 2240 idem

220 2265 413 2364 possumus
444 2269 666 2341 concludere
690 2293 735 2344 ex
756 2293 821 2356 eo,
861 2270 965 2366 quod
993 2267 1132 2340 fortea
1163 2269 1322 2340 naturae

157 2429 160 2440 ,
219 2367 367 2454 nostrae
393 2388 523 2442 autore
543 2369 791 2464 decipiamur:
833 2365 1152 2466 quamadmodum
1176 2395 1221 2440 ex
1244 2371 1334 2459 hoc¹

219 2469 300 2566 ipso
336 2469 501 2544 nostram
541 2469 772 2544 existentiam
812 2469 1002 2543 certissrme
1032 2469 1318 2568 colligabamtte.

220 2577 458 2668 Quapropter
481 2597 581 2661 non,
616 2574 845 2669 quocunque
867 2569 1147 2646 mentis'eciem
1163 2597 1318 2646 eonver-

218 2667 358 2760 timus,
383 2674 553 2771 cogimur
577 2678 821 2761 concludere,
847 2674 1046 2767 Trianguli
1064 2693 1136 2744 tres
1154 2677 1333 2770 angulos·

218 2772 288 2846 esse
308 2777 479 2868 aequales
501 2773 649 2848 duobus
674 2777 810 2858 rectis3
840 2775 902 2846 sed
922 2793 1051 2846 contra
1078 2776 1222 2845 causam
1247 2777 1317 2846 du·
1349 2836 1362 2877 ‚
1396 2817 1397 2838 r

216 2875 366 2948 bitandi
390 2877 629 2962 invenimus,
664 2879 750 2972 quia
780 2900 915 2972 nempe
938 2877 1085 2947 nullam
1109 2879 1222 2947 talem
1241 2877 1318 2954 Dei

216 2977 340 3050 ideam
366 2977 565 3062 habemus,
602 3001 697 3072 quae
716 3001 787 3048 nos
804 2977 854 3048 ita
877 2977 1025 3065 alliciat,
1053 2997 1096 3048 ut
1113 2978 1224 3050 nobis
1241 2977 1318 3049 im-

216 3078 385 3176 poffibite
404 3077 448 3150 stt
471 3079 652 3176 cogitare,
678 3081 807 3152 Deum
831 3075 899 3150 esse
915 3080 1160 3175 deceptorem.
1213 3085 1318 3152 Nam
1395 3109 1396 3124 ¹

216 3205 333 3278 aeque
348 3177 464 3252 facile
478 3175 528 3252 est
544 3179 597 3266 ei,
625 3179 691 3275 qui
708 3206 835 3253 veram
852 3181 928 3254 Dei
943 3183 1065 3252 ideam
1085 3207 1166 3256 non
1191 3183 1316 3266 habet,

216 3305 427 3378 quantuor
452 3305 534 3352 uon
567 3282 702 3353 habere
730 3282 806 3372 jam
835 3281 1106 3380 supponimus,
1148 3285 1317 3378 cogitare

213 3383 325 3456 suum
346 3401 518 3459 autorem
542 3380 610 3456 olle
637 3383 894 3479 deceptorem,
933 3409 1047 3481 quam
1069 3407 1150 3456 non
1168 3381 1238 3458 esso
1254 3386 1320 3457 de·

215 3503 426 3582 ceptorenr:
462 3486 781 3582 quemadmodum
810 3487 888 3575 illi,
929 3487 996 3582 qui
1023 3489 1171 3558 nullam
1201 3487 1330 3559 habet

213 3584 561 3684 Trianguliideam.
587 3586 828 3684 aequefacile
849 3585 899 3662 esi
925 3590 1106 3686 cogitare,
1135 3587 1216 3678 ejus
1236 3606 1316 3664 tres

169 3739 173 3748 .
213 3691 378 3788 angulos
396 3691 567 3782 aequales
590 3685 816 3788 else„quam
838 3715 920 3764 uon
945 3689 1316 3787 esseaaqualeaduo·

212 3787 436 3864 bus-rectia.
497 3797 618 3887 Quare
653 3794 915 3881 concedimus,
964 3817 1036 3866 nos
1068 3793 1116 3864 do
1145 3795 1224 3864 ulla
1254 3819 1311 3881 re,

211 3991 523 4066 monstrationem
554 3997 671 4088 probe
700 3999 958 4085 attendamus,
990 3995 1090 4092 posse
1114 3994 1184 4070 else
1202 3997 1316 4068 abso·
1390 4017 1391 4020 ’

210 4097 293 4168 late
317 4114 458 4183 certos,
493 4099 675 4192 quamdiu
699 4101 849 4171 nullum
872 4101 947 4172 Dei
965 4100 1109 4168 clarum
1124 4115 1166 4169 et
1182 4091 1315 4170 dissin-

212 4217 316 4272 ctutu
333 4215 557 4296 conceptum
574 4199 773 4289 habemus,
807 4202 965 4297 quinos
984 4197 1335 4286 affirrnare'saclau·
1390 4221 1392 4240 ¹

211 4302 342 4374 Deum
366 4297 437 4372 else
458 4299 600 4374 summe
626 4327 817 4391 veracem,
842 4301 952 4378 lictui
972 4304 1083 4390 idea,
1098 4327 1211 4396 quarn
1223 4306 1313 4374 -Tri-

232 4443 237 4450 ·
1243 4431 1312 4478 an·

214 3893 278 3990 [⁸]
288 3910 432 3987 praeter
446 3892 610 3964 nostram
627 3893 872 3984 existentiam,
881 3897 1053 3992 quumvis
1071 3895 1117 3966 ad
1132 3896 1237 3966 illiue
1250 3895 1314 3966 de·
1387 3931 1393 4218 Ι
