2818 4802
64 357 355 436 vr·
496 325 987 478 enarrarre
1104 341 1109 352 '
1238 317 1243 324 ’

194 539 309 646 longa
326 539 593 649 definitionum,
617 547 852 644 petitionum,
878 549 1123 636 amiomnttun,
1149 545 1290 622 theore-

192 669 359 734 matum,
384 667 420 721 et
431 647 694 748 problematum
702 645 819 753 serie,
846 645 929 750 utfi
948 653 1032 746 quid
1049 643 1116 751 ipſs
1131 677 1190 722 ,em
1206 676 1292 724 con·
1332 689 1338 702 ·

185 744 419 854 sequentibus
442 771 614 852 negetur,
651 756 689 824 id
722 757 760 824 in
791 753 1083 828 antecedentibus
1114 755 1300 826 contineri·

184 849 319 955 statim
346 833 531 954 officiat,
555 847 677 954 stc'que
699 885 721 933 a
746 853 1132 953 uetareqnanrumvis
1159 881 1290 958 repug-

192 958 306 1029 n'unte
330 983 375 1029 ue
395 959 573 1050 pertinaci
590 950 815 1062 offenfionem
828 967 1052 1057 extorquent.
1080 977 1145 1032 etc.
1177 993 1181 1000 ·
1260 996 1263 1004 ¹

299 1063 601 1150 Verumtamen,
638 1063 730 1135 licet
745 1064 788 1135 in
806 1079 973 1160 utraque
992 1059 1292 1141 demonstrandi

192 1162 348 1239 ratione
364 1161 580 1250 certitudo,
607 1185 708 1260 quae
724 1179 831 1236 extra
846 1187 1007 1238 omnem
1026 1162 1290 1237 dubitationia

192 1263 317 1359 a'leanr
342 1260 464 1363 polita
489 1261 560 1350 est,
596 1266 836 1362 reperiatur,
872 1289 953 1338 non
979 1264 1292 1345 omnibusutra·

192 1387 272 1462 que
288 1387 412 1462 aeque
431 1365 540 1454 utilis
557 1381 674 1464 atque
693 1363 899 1464 commoda
927 1363 1065 1440 existit.
1119 1366 1291 1441 Plurimi

191 1467 301 1539 enim
331 1467 702 1544 Mathematicarum
728 1463 979 1542 scientiarum
1013 1467 1130 1566 plane
1155 1466 1289 1553 rudes,

193 1565 375 1664 adeoque
413 1567 623 1656 Methodi,
673 1593 751 1668 qua
788 1568 881 1644 illae
909 1567 1149 1668 conscriptae
1185 1567 1290 1655 sunt,

191 1669 477 1768 Syntheticae,¹
507 1685 545 1743 et
578 1694 656 1772 qua
687 1675 873 1746 inventae
907 1668 1018 1757 sunt,
1059 1671 1290 1768 Analyticae

191 1767 357 1870 prorsus
381 1771 532 1868 ignari,
557 1795 637 1858 res,
665 1796 766 1871 quae
780 1773 843 1848 his
862 1773 904 1845 in
920 1773 1033 1844 libris
1049 1787 1291 1870 pertractan-

190 1884 276 1960 tur,
309 1873 530 1972 apodictica
553 1872 855 1959 demonstratae,
900 1897 974 1948 nec
1007 1872 1159 1945 sibimet
1197 1867 1290 1968 ipsis

192 1969 359 2070 assequi,
386 1997 458 2046 nec
475 1972 562 2047 aliis
579 1975 764 2074 exhibere
780 1992 943 2073 queunt.
994 1973 1111 2051 Unde
1126 1973 1290 2060 lactum,

191 2089 239 2146 ut
262 2074 402 2163 multi,
425 2076 496 2172 qui
515 2093 582 2148 aut
600 2101 713 2150 caeco
733 2079 887 2177 impetu
910 2077 1079 2175 abrepti,
1108 2092 1174 2147 aut
1191 2075 1290 2146 alio·
1355 2155 1361 2174 Ι

140 2227 143 2236 ·
191 2199 284 2252 turn
311 2179 542 2250 auctoritate
566 2177 694 2268 ducti,
721 2175 894 2254 Cartesto
911 2203 1058 2264 nomen
1078 2175 1288 2263 dederunt,
1402 2177 1403 2270 ζ

116 2369 118 2374 Ι
191 2282 276 2371 ejus
303 2275 537 2352 sententiam
565 2279 889 2380 atque'dogrnata
912 2277 1191 2356 tantummodo
1211 2301 1290 2348 me·

118 2375 120 2383 ’
191 2379 346 2454 moriae
370 2376 664 2480 imprelserunt,
702 2405 765 2466 ac,
797 2382 869 2456 ubi
892 2377 942 2454 de
965 2381 1016 2456 iis
1040 2377 1169 2452 sermo
1189 2380 1291 2451 inci·

193 2478 276 2568 dit,
317 2480 446 2556 solum
479 2475 653 2567 effutire,
696 2484 902 2580 multaque
933 2479 984 2556 de
1012 2478 1094 2554 istis
1127 2481 1289 2578 garrire,
1401 2569 1402 2574 Ἰ

190 2582 299 2674 nihil
324 2599 455 2655 autem
486 2582 755 2661 demonstrare
779 2583 920 2672 sciant,
948 2579 1291 2680 quemadmodum
1401 2591 1402 2640 l

194 2679 399 2768 olim'fuit
428 2698 468 2757 et
497 2685 628 2759 adhuc
656 2685 778 2760 hodie
805 2687 1084 2781 Peripateticae
1112 2679 1290 2756 Pltilol'o·

102 2778 104 2784 ’
224 2785 314 2857 hiae
330 2779 497 2858 addictis
514 2783 676 2859 solenne
692 2785 754 2859 est.
781 2789 988 2887 Quocirca,
1006 2801 1050 2857 ut
1065 2781 1290 2880 hiealiquid

191 2809 358 2961 iubfida'i
379 2882 611 2972 adferretur,
638 2883 921 2986 saepenumero
940 2887 1088 2982 optavi,
1114 2886 1288 2982 aliquem
1400 2907 1401 2970 3

192 2987 273 3062 iarn
286 2984 495 3084 Analytici,
514 2981 865 3086 quianynthetici
880 2985 1227 3086 ordinisperitutn,
1245 3010 1289 3058 ac

190 3087 238 3162 in
264 3085 419 3186 scriptis
444 3085 608 3162 Cartelli
639 3089 817 3189 apprime
850 3085 1068 3178 versatum,
1102 3087 1290 3184 illusque

191 3185 472 3288 Philosophiae
494 3191 653 3288 penitus
677 3213 868 3290 gnarum,
897 3212 1061 3263 manum
1087 3191 1198 3288 operi
1223 3189 1290 3262 ad·

184 3309 378 3378 movere,
414 3303 472 3378 et,
504 3311 606 3387 quae
625 3291 694 3365 ille
709 3290 852 3367 ordine
869 3292 1076 3391 Analytico
1097 3289 1291 3390 conscrip-

193 3389 314 3482 serat,
340 3392 385 3464 in
401 3393 678 3491 Syntheticum
696 3392 895 3494 redigere,
926 3419 970 3467 ac
986 3417 1098 3468 more
1124 3395 1290 3468 Geome-

192 3495 265 3568 tris
281 3491 471 3568 familiari
484 3493 751 3572 demonstrare
764 3497 877 3572 velle.
924 3497 1011 3568 lmo
1027 3493 1128 3596 ipse,
1151 3517 1290 3591 quam·

192 3600 256 3671 vis
287 3619 398 3670 meae
425 3598 630 3672 tenuitatis
663 3594 821 3672 abunde
853 3597 1054 3685 conicias,
1101 3619 1145 3670 ao
1176 3607 1289 3670 tanto
1398 3651 1399 3658 t

193 3697 308 3800 operi
332 3697 453 3800 longe
477 3701 607 3800 impar
621 3695 711 3788 siut,
742 3685 786 3772 i'd
802 3699 930 3800 ipsum
948 3691 1079 3776 tanton
1098 3695 1290 3798 praeliare

192 3795 308 3900 saepo
331 3799 578 3878 inanimum
605 3825 739 3876 meum
766 3801 930 3890 induxi,
963 3805 1062 3898 quin
1087 3797 1205 3872 etiam
1224 3821 1290 3896 ag-

192 3897 342 4002 gressus
358 3899 430 3976 fu't
467 3903 545 3980 Sed
562 3903 671 3991 aliae,
693 3901 838 4002 quibus
854 3897 1063 4011 saepiffinte
1082 3897 1287 3987 distrahor,
1397 3961 1398 3992 ,

192 4001 298 4120 mihi
320 4001 425 4080 illud
452 4003 670 4110 peragendi
696 4007 804 4082 viem
834 3999 1092 4104 obseplerunt
1122 4025 1296 4106 occupa·-

178 4115 335 4180 'tronea
654 4182 670 4204 N
739 4147 740 4150 π
1203 4131 1207 4138 ·

297 4203 564 4284 Gratissimum
591 4209 727 4307 itaque
748 4207 851 4284 mihi
875 4203 1017 4282 accidit
1041 4229 1088 4280 ex
1112 4202 1290 4280 Authore

259 4308 329 4387 “ro
349 4297 592 4414 intelligere,
625 4307 666 4388 se
685 4307 881 4420 discipulo
898 4309 1058 4386 cuidam
1071 4305 1162 4398 suo,
1188 4303 1290 4380 dum
1396 4313 1397 4379 l

1182 4431 1291 4497 eunt,
