2818 4802
282 293 290 336 κ
424 253 910 399 rai-arrato·
1060 245 1063 267 '
1139 286 1274 377 aa

108 517 207 570 eum
252 487 417 569 carterii
442 486 747 588 Philosophiam
762 477 972 582 *dooerets
991 479 1218 566 Seeundam

81 653 86 660 -
107 597 412 694 Principiorum
435 587 585 692 partem
603 594 811 691 integram,
831 617 874 666 ac
888 607 1039 692 partem
1049 593 1218 681 Tertiae,

107 723 227 776 mora
268 699 341 770 illo
383 697 636 768 Geometrico
676 693 983 792 demonstratas,
1026 721 1100 772 nee
1130 717 1218 769 non

106 801 351 902 praecipuas
373 786 708 893 difficilioresque,
743 820 845 894 quae
869 797 913 873 iu
933 794 1219 900 Metaphystcie

109 905 390 989 ventilantur,
415 897 683 996 quaestiones,
717 923 761 970 ac
791 924 813 972 a
837 896 1219 976 Cartelionoudnm
1273 975 1276 984 ,

106 1004 323 1091 enodatae,
346 996 529 1076 dictasse:
546 1014 664 1097 atque
677 999 774 1078 haee
791 1022 890 1090 una,
906 1023 944 1074 a
965 1000 1008 1082 ‚le
1031 993 1217 1086 cbrrecta,
1331 1037 1339 1058 ι

112 1122 236 1202 atque
259 1120 375 1177 aucta
399 1119 444 1176 ut
465 1103 596 1176 lucem
622 1098 857 1200 aspicerent,
893 1103 1030 1176 amicis
1050 1100 1095 1176 id·
1110 1099 1220 1204 sume

108 1231 280 1304 mopere
310 1204 586 1304 expetentibus
611 1218 729 1300 atque
747 1202 1096 1302 extorquentibus,
1123 1226 1220 1278 eon·

109 1303 262 1381 celliffe.
301 1305 421 1383 Unde
443 1305 564 1380 etiam
584 1327 659 1420 ego
684 1301 793 1378 idem
813 1305 858 1378 id
875 1303 1064 1403 probavi,
1081 1301 1219 1380 fimul·
1295 1379 1302 1402 ,

109 1431 191 1504 que
219 1431 383 1508 opernm
417 1431 566 1492 meam,
601 1405 630 1480 ir
652 1431 698 1479 aa
718 1409 762 1480 in
788 1407 945 1490 edendo
969 1421 1132 1507 egeret,
1164 1431 1216 1482 ex
1248 1465 1256 1477 .

110 1515 251 1583 auimo
285 1509 433 1597 obtuli;
481 1532 525 1581 ac
556 1505 653 1582 suasa
684 1524 906 1608 praeterea,
945 1509 1215 1609 imorogevi,

107 1627 156 1686 nt
184 1613 356 1710 primam
380 1633 552 1707 quoque*
567 1609 861 1716 Principiorum
877 1627 1030 1708 partem
1045 1607 1217 1686 sterilem
1340 1673 1344 1682 .

108 1715 310 1810 redigeret
337 1715 379 1785 in
407 1713 613 1796 ordinem,
647 1712 776 1786 achis
807 1715 1095 1812 praemitteret,
1131 1737 1216 1810 quo

109 1819 160 1888 ab
182 1839 262 1887 ovo
281 1838 343 1888 res
359 1815 438 1892 hnc
453 1811 576 1886 modo
593 1809 796 1912 dispofita,
824 1832 863 1888 et
874 1798 1220 1914 meliusintelligi,

109 1934 149 1988 et
174 1917 303 2014 magis
328 1916 484 2015 placere
508 1909 641 2014 pollet.
685 1913 823 2016 Quod,
861 1940 953 1988 cum
977 1915 1133 1990 summa
1149 1921 1214 1990 rai

107 2020 221 2090 tione
247 2019 322 2091 niti
346 2015 520 2102 videret,
560 2031 605 2088 et¹
621 2017 742 2110 amici
763 2017 969 2115 precibus,
999 2017 1213 2093 etlectoris

109 2121 276 2192 utilitati
302 2117 497 2214 denegare
522 2117 673 2206 noluit;
709 2117 886 2215 meisque
917 2115 1082 2216 insuper
1104 2123 1212 2194 curis
1290 2156 1294 2162 ·

108 2235 243 2292 totum
269 2235 351 2292 tam
365 2215 648 2318 impressionis,
676 2241 766 2292 curn
786 2221 928 2319 procul
946 2219 994 2294 ab
1011 2221 1212 2294 urberur'i

109 2319 246 2426 degat,
279 2319 461 2418 adeoque
483 2319 546 2392 illi
576 2315 702 2393 adello
733 2346 818 2395 non
838 2317 965 2422 poffit,
993 2345 1114 2420 quam
1131 2319 1212 2400 edi·
1331 2331 1345 2363 ⁶

106 2425 229 2497 nouis
247 2423 456 2521 negotium
472 2417 699 2497 commisit(
986 2455 989 2460 ⁴

209 2529 318 2600 Haec
332 2524 459 2626 igitur
481 2521 596 2608 sunt,
631 2545 733 2619 quae
749 2519 843 2607 tibi,
872 2519 1040 2598 candide
1056 2526 1213 2613 Lector,

106 2622 248 2701 damus
272 2625 420 2700 hocin
449 2623 606 2698 libello:
632 2647 778 2721 nempe
798 2623 942 2698 Repeti
964 2627 1047 2700 Des
1072 2627 1212 2713 Cartee

104 2729 281 2828 primam
306 2742 345 2800 et
370 2723 584 2798 secundani
607 2725 908 2824 Principiorum
926 2723 1210 2826 Philosophiae

106 2845 264 2927 partae,
286 2852 367 2904 una
392 2851 483 2902 cum
499 2825 724 2926 fragmento
738 2830 895 2915 tertiae,
921 2827 1068 2924 quibus
1084 2827 1210 2916 nostri

104 2931 296 3006 Autboris
319 2931 504 3028 Cogitata
528 2927 818 3039 Metaphysrea‚
860 2928 1028 3004 nomine
1051 2933 1209 3030 Appen·
1271 2939 1274 2946 '

102 3029 224 3120 dicis,
255 3031 548 3124 subjunximus.
584 3033 646 3108 'At
669 3051 766 3106 veru
788 3031 961 3130 primam
982 3029 1209 3132 Principio·
1321 3028 1333 3038 ”

101 3151 195 3208 rum
219 3147 374 3234 partem
395 3155 488 3206 cum
511 3133 580 3208 hio
602 3146 655 3226 etv
671 3155 745 3208 nes
779 3131 969 3221 dicinrue,
1010 3145 1049 3206 et
1078 3132 1208 3216 libelli

101 3235 265 3310 Titulus
291 3237 518 3334 promittat,
556 3229 601 3308 id
625 3255 715 3307 non
733 3237 790 3308 ita
814 3235 1062 3307 intellectum
1090 3236 1207 3310 nolu-

101 3359 214 3424 mus,
253 3359 298 3407 ac
320 3332 349 3407 fi
374 3337 530 3422 omnia,
558 3338 743 3431 quaein
766 3360 812 3410 ea
839 3359 860 3408 a
892 3332 1067 3410 Cartesro
1101 3335 1207 3414 dicta

99 3435 216 3527 sunt,
240 3437 309 3514 hic
328 3439 582 3512 Geometrico
600 3436 743 3514 ordine
756 3435 1021 3528 demonstrata
1044 3440 1206 3514 exhibe-

100 3555 257 3628 rentur;
299 3535 371 3612 sed
403 3537 559 3613 tantiam
591 3535 961 3617 denominationem
995 3563 1018 3614 a
1051 3541 1204 3642 potiori

100 3637 217 3718 iunio
241 3637 514 3741 desumptam,
548 3635 727 3741 adeoque
751 3643 984 3742 praecipua,
1026 3667 1129 3740 quae
1152 3643 1221 3716 ad¹

100 3732 416 3842 Metapltyiicam
455 3740 657 3841 spectant,
708 3754 748 3816 et
778 3743 824 3816 in
864 3741 1201 3818 Meditationibus

100 3839 180 3920 suia
209 3841 614 3920 tractavit-Canobus
642 3845 828 3935 (caeteris.
855 3847 1066 3946 omnibue,
1098 3869 1200 3942 quae

100 3942 190 4020 sunt
204 3947 381 4047 Logicae
401 3943 743 4032 considerationis,
771 3959 811 4018 et
834 3959 991 4022 tantum
1013 3943 1200 4022 historice

99 4065 315 4122 narrantur
337 4071 384 4120 ac
406 4045 679 4134 recensentrir,
732 4045 990 4132 raetermiffisl
1008 4047 1105 4122 inde
1123 4046 1198 4124 else

98 4145 294 4252 decerpta.
332 4153 446 4250 Quae
464 4152 583 4226 etiam
602 4071 730 4250 quod

97 4249 207 4345 thor,
230 4251 332 4334 'huc
365 4249 606 4332 verbotenus
627 4249 712 4332 iere
734 4255 871 4330 omnia
894 4251 1197 4354 illasquaesub

1078 4351 1200 4434 finem

720 4151 858 4224 acilius
879 4147 1098 4226 absolveret
1119 4151 1198 4225 Au·
1283 4225 1292 4244 „
1391 4189 1392 4200 ¹
