2818 4802
529 343 779 424 Panae
872 297 986 448 „⁹-
1147 307 1259 436 εειἱ

108 549 144 610 et
162 553 263 630 qnae
283 519 529 606 nobilillitnua
548 533 667 604 Autor
681 530 742 601 hic
761 529 865 614 vult,
889 529 1044 605 ulterius
1061 530 1202 605 exami-

106 659 266 712 nemus.
292 632 487 714 videlicet,
509 633 599 728 quid
612 651 680 726 per
696 629 827 719 facile,-
860 632 951 727 quid
965 660 1032 730 per
1046 630 1202 704 difficile

105 736 307 830 intelligat.
372 739 462 805 Non
496 749 610 837 puto,
650 755 719 802 nac
746 732 842 803 mihi
866 736 950 806 ullo
979 730 1200 828 modo'[²²]
1320 722 1322 735 '

12 878 18 887 ·
108 836 334 932 persuadeo,
357 859 442 907 eum
461 859 525 928 per
541 827 693 902 difficile
707 833 916 929 intelligere
928 833 987 923 id,
1013 836 1114 930 quod
1130 839 1202 910 im·

110 933 281 1032 poffibile
297 938 357 1027 (ac
372 934 531 1030 proinde
546 935 655 1005 nullo
670 933 785 1006 modo
801 933 916 1028 potest
926 937 1092 1032 concipi,
1109 961 1201 1031 qno-

109 1038 230 1109 modo
254 1036 357 1128 fiat),
388 1052 428 1105 et
452 1033 648 1132 perfacile
672 1035 729 1116 id,
761 1034 862 1129 quod
878 1038 1203 1135 nullamim‘plicat

113 1135 450 1212 contradictionem
474 1139 532 1230 (ac
546 1133 705 1232 proinde
723 1133 831 1206 facile
845 1140 1074 1234 concipitur,
1107 1163 1208 1236 quoq

112 1239 232 1312 modo
255 1235 356 1330 fiam
382 1241 553 1331 quamvis
573 1235 615 1306 in
638 1258 658 1322 5
684 1237 808 1308 Medit
838 1239 964 1332 primo
996 1241 1132 1310 obtutu
1161 1238 1204 1312 id

112 1341 286 1414 videatur
302 1340 418 1422 velle,
443 1338 508 1408 ubi
525 1339 586 1419 ait,
603 1339 682 1407 Nec
693 1355 826 1434 putare
841 1338 958 1424 debeo,
975 1341 1036 1409 illa
1045 1327 1201 1440 forfait,

114 1439 310 1538 quaemihi
327 1433 476 1536 desunt,
505 1428 686 1531 difficilius
702 1439 842 1536 requiri
856 1436 973 1540 peffe,
997 1467 1109 1535 quam
1127 1444 1203 1532 illc,

114 1567 211 1639 qnae
227 1543 314 1638 jam
339 1544 379 1608 in
404 1567 460 1610 rrae
470 1533 575 1639 sunt.
627 1543 731 1613 Nam
745 1559 872 1614 contra
888 1537 1124 1642 rnonifeslnm
1140 1537 1203 1642 est,
1295 1606 1298 1618 .

115 1647 227 1743 longe
239 1631 426 1735 difficilius
433 1636 562 1744 fniffe,
581 1663 648 1731 nte,
674 1643 740 1714 ltoc
755 1635 817 1740 est,
838 1669 925 1732 rem,
939 1638 1021 1748 five
1029 1635 1205 1747 snbstan-

116 1751 203 1819 tiam
235 1747 480 1844 cogitantem,
522 1768 568 1816 en
597 1745 706 1819 nihilo
748 1767 946 1847 emergere,
996 1775 1105 1844 qnam
1139 1767 1203 1824 etc.

116 1853 217 1921 Nam
249 1849 291 1917 id
324 1871 393 1918 nec
426 1871 512 1920 cum
539 1847 663 1922 verbis
690 1850 830 1920 autoris
858 1854 1095 1938 conveniret*
1135 1875 1206 1944 nec

116 1951 231 2022 etiam
249 1948 329 2038 ejus
342 1949 537 2044 ingenium
555 1947 743 2021 redoleret
782 1951 953 2042 Etenim,
980 1970 1020 2024 ut
1038 1955 1207 2048 primum

116 2053 314 2137 omittam,
340 2045 641 2142 interpellente,
675 2068 711 2122 et
735 2050 972 2145 impoffibile,
1011 2052 1086 2124 five
1106 2055 1205 2126 inter

116 2153 179 2236 id,
213 2151 318 2244 quod
340 2147 578 2247 intelligibile
601 2146 669 2236 est,
708 2167 745 2222 et
768 2139 866 2226 inte'r
890 2153 949 2236 id,
990 2153 1094 2250 quod
1124 2177 1205 2225 nou

119 2251 361 2348 intelligibile
379 2249 446 2336 cst,
471 2251 577 2322 nulla
594 2250 703 2321 datur
716 2255 835 2342 rati03
850 2251 954 2326 sicuti
970 2277 1090 2348 neque
1105 2255 1205 2324 inter

120 2353 266 2449 aliquid
287 2369 325 2422 et
349 2351 466 2435 nihil,
493 2368 530 2423 et
548 2349 769 2447 poteliasad
782 2352 1017 2448 impossibilia
1033 2378 1113 2426 non
1128 2378 1206 2426 rna·

119 2458 175 2554 gis
211 2455 389 2549 quadrat,
427 2475 539 2548 quem
572 2453 707 2524 creatio
750 2471 788 2524 et
823 2455 1012 2550 generatio
1044 2455 1090 2526 ad
1125 2479 1208 2527 non

118 2555 238 2629 entia:
280 2555 441 2646 ideoque
470 2552 581 2624 nullo
612 2552 728 2624 modo
749 2554 850 2626 inter
879 2553 918 2626 se
948 2558 1207 2650 comparanda.
1283 2633 1286 2638 ,

120 2657 225 2734 Adde
247 2655 353 2750 quod
379 2654 443 2726 ille
466 2669 614 2728 tantum
639 2656 737 2726 inter
750 2654 786 2726 se
801 2679 1014 2752 comparare
1026 2675 1063 2728 et
1077 2683 1209 2731 corum

121 2759 311 2830 rationem
331 2753 551 2852 cognoscere
572 2753 739 2850 polium,
767 2781 928 2851 quorum
947 2761 1117 2830 omnium
1136 2761 1210 2830 cla-

121 2885 208 2932 rum
228 2873 268 2930 et
290 2855 506 2929 distinctum
529 2858 646 2928 habeo
671 2876 902 2951 conceptum.
925 2946 929 2954 ¹
955 2865 1062 2960 Nego
1094 2863 1210 2955 igitur
1295 2855 1299 2865 '

121 2959 242 3058 sequi,
284 2955 389 3052 quod
421 2958 487 3053 qui
516 2955 632 3053 potest
665 2957 887 3054 impoffibile
917 2957 1058 3048 facere,
1103 2951 1211 3058 coiit

121 3066 235 3134 etiam
268 3058 388 3131 facere
415 3057 479 3145 id,
512 3060 615 3153 quod
639 3058 802 3154 poffibilc
822 3057 882 3134 est.
932 3061 1076 3160 Quaeso
1094 3064 1210 3145 onim,

121 3183 311 3260 quaenam
334 3157 418 3230 effet
438 3161 530 3231 hacc
556 3159 773 3232 conclusio?
806 3159 831 3233 fi
859 3164 942 3258 quis
959 3160 1077 3262 potest
1093 3163 1212 3236 facere

122 3266 309 3336 circulum
334 3261 578 3355 quadratum,
600 3263 738 3356 poterit
755 3261 865 3334 etiam
880 3262 998 3336 iacere
1013 3267 1211 3351 circulum,

123 3365 229 3456 cujus
252 3387 385 3434 omnes
408 3363 549 3449 lineae,
582 3381 677 3456 quae
701 3385 719 3434 a
741 3381 868 3434 centro
888 3366 934 3436 ad
948 3365 1213 3438 circumferen-

124 3470 217 3538 tiam
230 3461 383 3562 poliunt
395 3463 501 3549 duci,
530 3461 601 3536 fint
618 3465 804 3558 aequales:
828 3473 921 3556 Aut,
946 3465 972 3540 fi
993 3471 1078 3566 quis
1095 3463 1214 3566 potest

125 3567 264 3654 facere,
305 3582 350 3638 ut
371 3575 412 3638 τὰ
435 3563 525 3634 nihil
546 3565 728 3658 patiatur,
774 3570 995 3661 coquenti,
1034 3585 1214 3664 tanquam

126 3671 302 3754 materia,
331 3689 478 3760 exque
506 3665 648 3760 aliquid
679 3667 880 3760 producat,
924 3672 1036 3742 etiam
1064 3669 1215 3744 habebit

127 3768 364 3864 potestatem,
404 3785 447 3838 ut
474 3791 520 3838 ex
545 3768 668 3861 aliqua
693 3793 732 3838 re
757 3769 897 3864 aliquid
928 3770 1050 3842 faciat.
1102 3777 1214 3858 Nam,

129 3873 184 3940 uti
204 3871 307 3956 dixi,
340 3870 438 3938 inter
464 3869 552 3940 haec
577 3885 614 3940 et
637 3865 766 3940 similia
791 3869 896 3943 nulla
914 3871 1023 3943 datur
1039 3873 1215 3946 conveni·

130 3971 246 4058 entia,
274 3993 399 4062 neque
424 3970 614 4067 analogia,
652 3995 777 4064 neque
806 3975 1056 4067 comparatio,
1095 3997 1217 4069 neque

114 4073 204 4142 nlla
242 4095 497 4166 quaecumque
533 4073 640 4142 ratio.
710 4079 833 4167 Atque
863 4075 936 4146 hoc
968 4073 1219 4171 unusquisque

131 4175 253 4244 videre
268 4168 408 4270 potest,
432 4169 545 4245 modo
565 4173 700 4244 adrem
717 4197 852 4268 perum
869 4176 1043 4248 attendat.
1097 4183 1218 4273 Quare

133 4273 202 4352 hoc
231 4273 280 4348 cb
311 4269 467 4370 ingenio
497 4269 645 4346 carrofii
672 4274 824 4370 prorsus
847 4275 1013 4348 alienum
1035 4275 1218 4358 existimo.

1150 4389 1219 4456 Ve-
