<?xml version="1.0" encoding="UTF-8"?>
<!DOCTYPE html PUBLIC "-//W3C//DTD XHTML 1.0 Transitional//EN"
    "http://www.w3.org/TR/xhtml1/DTD/xhtml1-transitional.dtd">
<html xmlns="http://www.w3.org/1999/xhtml" xml:lang="en" lang="en">
 <head>
  <title>
</title>
<meta http-equiv="Content-Type" content="text/html;charset=utf-8" />
  <meta name='ocr-system' content='tesseract 3.04.00' />
  <meta name='ocr-capabilities' content='ocr_page ocr_carea ocr_par ocr_line ocrx_word'/>
</head>
<body>
  <div class='ocr_page' id='page_1' title='image "benedictidespin02spingoog_0041.png"; bbox 0 0 2860 4814; ppageno 0'>
   <div class='ocr_carea' id='block_1_1' title="bbox 89 312 1407 4448">
    <p class='ocr_par' dir='ltr' id='par_1_1' title="bbox 207 312 1145 414">
     <span class='ocr_line' id='line_1_1' title="bbox 207 312 1145 414; baseline 0.004 -15"><span class='ocrx_word' id='word_1_1' title='bbox 207 341 277 399; x_wconf 57' lang='grc' dir='ltr'><strong>τ’</strong></span> <span class='ocrx_word' id='word_1_2' title='bbox 510 312 1006 402; x_wconf 65' lang='lat' dir='ltr'>PRAEFATIO</span> <span class='ocrx_word' id='word_1_3' title='bbox 1139 379 1145 414; x_wconf 88' lang='lat'><strong>,</strong></span> 
     </span>
    </p>

    <p class='ocr_par' dir='ltr' id='par_1_2' title="bbox 89 501 1374 2944">
     <span class='ocr_line' id='line_1_2' title="bbox 139 501 1314 610; baseline 0.006 -27"><span class='ocrx_word' id='word_1_4' title='bbox 139 533 146 604; x_wconf 76' lang='lat' dir='ltr'>j</span> <span class='ocrx_word' id='word_1_5' title='bbox 207 509 305 584; x_wconf 85' lang='lat' dir='ltr'><strong>tiam</strong></span> <span class='ocrx_word' id='word_1_6' title='bbox 323 507 582 606; x_wconf 76' lang='lat' dir='ltr'><strong>cogitantem:</strong></span> <span class='ocrx_word' id='word_1_7' title='bbox 608 513 780 596; x_wconf 78' lang='lat' dir='ltr'><strong>attamen</strong></span> <span class='ocrx_word' id='word_1_8' title='bbox 795 501 1314 610; x_wconf 66' lang='lat' dir='ltr'><strong>negentttimttnllittte&#39;ro</strong></span> 
     </span>
     <span class='ocr_line' id='line_1_3' title="bbox 207 607 1313 704; baseline 0.005 -19"><span class='ocrx_word' id='word_1_9' title='bbox 207 607 408 685; x_wconf 78' lang='lat' dir='ltr'><strong>clientium</strong></span> <span class='ocrx_word' id='word_1_10' title='bbox 433 615 584 686; x_wconf 85' lang='lat' dir='ltr'><strong>Mentis</strong></span> <span class='ocrx_word' id='word_1_11' title='bbox 609 613 834 700; x_wconf 55' lang='lat' dir='ltr'><strong>humanae:</strong></span> <span class='ocrx_word' id='word_1_12' title='bbox 867 609 935 686; x_wconf 81' lang='lat' dir='ltr'><strong>ted</strong></span> <span class='ocrx_word' id='word_1_13' title='bbox 965 613 1128 704; x_wconf 78' lang='lat' dir='ltr'><strong>statuat,</strong></span> <span class='ocrx_word' id='word_1_14' title='bbox 1152 613 1313 696; x_wconf 76' lang='lat' dir='ltr'><strong>‘eodem</strong></span> 
     </span>
     <span class='ocr_line' id='line_1_4' title="bbox 205 707 1321 808; baseline 0.004 -20"><span class='ocrx_word' id='word_1_15' title='bbox 205 713 352 794; x_wconf 84' lang='lat' dir='ltr'><strong>modo,</strong></span> <span class='ocrx_word' id='word_1_16' title='bbox 406 737 486 808; x_wconf 84' lang='lat' dir='ltr'><strong>qno</strong></span> <span class='ocrx_word' id='word_1_17' title='bbox 527 709 710 790; x_wconf 83' lang='lat' dir='ltr'><strong>Extenllo</strong></span> <span class='ocrx_word' id='word_1_18' title='bbox 741 713 864 788; x_wconf 82' lang='lat' dir='ltr'><strong>nullis</strong></span> <span class='ocrx_word' id='word_1_19' title='bbox 894 715 1097 790; x_wconf 80' lang='lat' dir='ltr'><strong>limiti-bns</strong></span> <span class='ocrx_word' id='word_1_20' title='bbox 1124 707 1321 792; x_wconf 48' lang='lat' dir='ltr'><strong>&amp;eterni-a</strong></span> 
     </span>
     <span class='ocr_line' id='line_1_5' title="bbox 161 813 1310 912; baseline 0.009 -28"><span class='ocrx_word' id='word_1_21' title='bbox 161 881 163 890; x_wconf 79' lang='grc'>,</span> <span class='ocrx_word' id='word_1_22' title='bbox 205 833 296 892; x_wconf 84' lang='lat' dir='ltr'><strong>nota</strong></span> <span class='ocrx_word' id='word_1_23' title='bbox 320 813 392 898; x_wconf 84' lang='lat' dir='ltr'><strong>est,</strong></span> <span class='ocrx_word' id='word_1_24' title='bbox 415 817 720 912; x_wconf 77' lang='lat' dir='ltr'><strong>Cogitationem</strong></span> <span class='ocrx_word' id='word_1_25' title='bbox 748 817 867 888; x_wconf 86' lang='lat' dir='ltr'><strong>etiam</strong></span> <span class='ocrx_word' id='word_1_26' title='bbox 889 815 1011 892; x_wconf 82' lang='lat' dir='ltr'><strong>nullis</strong></span> <span class='ocrx_word' id='word_1_27' title='bbox 1028 817 1225 893; x_wconf 87' lang='lat' dir='ltr'><strong>limitibus</strong></span> <span class='ocrx_word' id='word_1_28' title='bbox 1243 817 1310 894; x_wconf 86' lang='lat' dir='ltr'><strong>de-</strong></span> 
     </span>
     <span class='ocr_line' id='line_1_6' title="bbox 199 911 1310 1020; baseline 0 -30"><span class='ocrx_word' id='word_1_29' title='bbox 199 911 426 1004; x_wconf 63' lang='lat' dir='ltr'><strong>‘terminum</strong></span> <span class='ocrx_word' id='word_1_30' title='bbox 461 915 664 1016; x_wconf 82' lang='lat' dir='ltr'><strong>adeoque,</strong></span> <span class='ocrx_word' id='word_1_31' title='bbox 697 912 1034 1014; x_wconf 72' lang='lat' dir='ltr'><strong>quemadmodum</strong></span> <span class='ocrx_word' id='word_1_32' title='bbox 1057 921 1215 1020; x_wconf 83' lang='lat' dir='ltr'><strong>Corpus</strong></span> <span class='ocrx_word' id='word_1_33' title='bbox 1233 921 1310 994; x_wconf 75' lang='lat' dir='ltr'><strong>lan·¹</strong></span> 
     </span>
     <span class='ocr_line' id='line_1_7' title="bbox 201 1017 1310 1107; baseline 0.002 -15"><span class='ocrx_word' id='word_1_34' title='bbox 201 1037 366 1092; x_wconf 83' lang='lat' dir='ltr'><strong>manum</strong></span> <span class='ocrx_word' id='word_1_35' title='bbox 400 1041 482 1090; x_wconf 89' lang='lat' dir='ltr'><strong>non</strong></span> <span class='ocrx_word' id='word_1_36' title='bbox 503 1017 556 1091; x_wconf 87' lang='lat' dir='ltr'><strong>est</strong></span> <span class='ocrx_word' id='word_1_37' title='bbox 574 1017 777 1107; x_wconf 81' lang='lat' dir='ltr'><strong>absolute,</strong></span> <span class='ocrx_word' id='word_1_38' title='bbox 796 1017 867 1092; x_wconf 80' lang='lat' dir='ltr'><strong>sed</strong></span> <span class='ocrx_word' id='word_1_39' title='bbox 882 1035 1037 1094; x_wconf 76' lang='lat' dir='ltr'><strong>tantum</strong></span> <span class='ocrx_word' id='word_1_40' title='bbox 1051 1035 1164 1094; x_wconf 85' lang='lat' dir='ltr'><strong>¹certo</strong></span> <span class='ocrx_word' id='word_1_41' title='bbox 1185 1019 1310 1097; x_wconf 84' lang='lat' dir='ltr'><strong>modo</strong></span> 
     </span>
     <span class='ocr_line' id='line_1_8' title="bbox 123 1109 1311 1221; baseline 0.009 -35"><span class='ocrx_word' id='word_1_42' title='bbox 123 1179 125 1186; x_wconf 82' lang='grc'>,</span> <span class='ocrx_word' id='word_1_43' title='bbox 174 1109 422 1194; x_wconf 74' lang='lat' dir='ltr'><strong>&#39;tecmdani</strong></span> <span class='ocrx_word' id='word_1_44' title='bbox 452 1121 563 1219; x_wconf 84' lang='lat' dir='ltr'><strong>leges</strong></span> <span class='ocrx_word' id='word_1_45' title='bbox 593 1137 761 1194; x_wconf 83' lang='lat' dir='ltr'><strong>naturae</strong></span> <span class='ocrx_word' id='word_1_46' title='bbox 787 1119 969 1198; x_wconf 80' lang='lat' dir='ltr'>extensae</span> <span class='ocrx_word' id='word_1_47' title='bbox 992 1137 1243 1221; x_wconf 88' lang='lat' dir='ltr'><strong>permotum</strong></span> <span class='ocrx_word' id='word_1_48' title='bbox 1270 1137 1311 1197; x_wconf 91' lang='lat' dir='ltr'><strong>et</strong></span> 
     </span>
     <span class='ocr_line' id='line_1_9' title="bbox 234 1219 1374 1318; baseline 0.004 -27"><span class='ocrx_word' id='word_1_49' title='bbox 234 1223 380 1293; x_wconf 85' lang='lat' dir='ltr'><strong>uietern</strong></span> <span class='ocrx_word' id='word_1_50' title='bbox 408 1219 880 1312; x_wconf 69' lang='lat' dir='ltr'><strong>determitruta&#39;extenfiot</strong></span> <span class='ocrx_word' id='word_1_51' title='bbox 918 1219 1107 1298; x_wconf 83' lang='lat' dir='ltr'><strong>ficetiam</strong></span> <span class='ocrx_word' id='word_1_52' title='bbox 1125 1227 1314 1306; x_wconf 79' lang='lat' dir='ltr'><strong>Mentem</strong></span> <span class='ocrx_word' id='word_1_53' title='bbox 1371 1311 1374 1318; x_wconf 27' lang='lat'>¹</span> 
     </span>
     <span class='ocr_line' id='line_1_10' title="bbox 201 1243 1311 1414; baseline 0.005 -16"><span class='ocrx_word' id='word_1_54' title='bbox 201 1243 497 1398; x_wconf 56' lang='lat' dir='ltr'><strong>glennonem</strong></span> <span class='ocrx_word' id='word_1_55' title='bbox 530 1313 746 1396; x_wconf 68' lang='lat' dir='ltr'><strong>humanam</strong></span> <span class='ocrx_word' id='word_1_56' title='bbox 778 1339 862 1398; x_wconf 83' lang='lat' dir='ltr'><strong>lton</strong></span> <span class='ocrx_word' id='word_1_57' title='bbox 892 1313 970 1398; x_wconf 71' lang='lat' dir='ltr'><strong>&#39;elle</strong></span> <span class='ocrx_word' id='word_1_58' title='bbox 997 1324 1193 1414; x_wconf 73' lang='lat' dir='ltr'><strong>ablblute,</strong></span> <span class='ocrx_word' id='word_1_59' title='bbox 1239 1324 1311 1404; x_wconf 69' lang='lat' dir='ltr'><strong>l&#39;cd</strong></span> 
     </span>
     <span class='ocr_line' id='line_1_11' title="bbox 156 1422 1309 1528; baseline 0.005 -32"><span class='ocrx_word' id='word_1_60' title='bbox 156 1437 359 1497; x_wconf 51' lang='lat' dir='ltr'><strong>*tantum</strong></span> <span class='ocrx_word' id='word_1_61' title='bbox 394 1422 612 1499; x_wconf 82' lang='lat' dir='ltr'><strong>secundum</strong></span> <span class='ocrx_word' id='word_1_62' title='bbox 650 1424 754 1522; x_wconf 81' lang='lat' dir='ltr'><strong>leges</strong></span> <span class='ocrx_word' id='word_1_63' title='bbox 794 1432 960 1499; x_wconf 81' lang='lat' dir='ltr'><strong>naluro&#39;e</strong></span> <span class='ocrx_word' id='word_1_64' title='bbox 988 1427 1199 1528; x_wconf 71' lang='lat' dir='ltr'><strong>cogitantis</strong></span> <span class='ocrx_word' id='word_1_65' title='bbox 1235 1449 1309 1528; x_wconf 81' lang='lat' dir='ltr'><strong>per</strong></span> 
     </span>
     <span class='ocr_line' id='line_1_12' title="bbox 167 1523 1306 1628; baseline 0 -28"><span class='ocrx_word' id='word_1_66' title='bbox 167 1526 311 1600; x_wconf 84' lang='lat' dir='ltr'><strong>·ideas</strong></span> <span class='ocrx_word' id='word_1_67' title='bbox 345 1545 451 1599; x_wconf 89' lang='lat' dir='ltr'><strong>certo</strong></span> <span class='ocrx_word' id='word_1_68' title='bbox 491 1526 609 1602; x_wconf 84' lang='lat' dir='ltr'><strong>ntotlo</strong></span> <span class='ocrx_word' id='word_1_69' title='bbox 641 1523 947 1602; x_wconf 77' lang='lat' dir='ltr'><strong>determinatam</strong></span> <span class='ocrx_word' id='word_1_70' title='bbox 992 1531 1306 1628; x_wconf 66' lang='lat' dir='ltr'><strong>cogitationem</strong></span> 
     </span>
     <span class='ocr_line' id='line_1_13' title="bbox 199 1625 1305 1728; baseline 0.005 -30"><span class='ocrx_word' id='word_1_71' title='bbox 199 1649 304 1724; x_wconf 89' lang='lat' dir='ltr'><strong>quae</strong></span> <span class='ocrx_word' id='word_1_72' title='bbox 346 1625 557 1702; x_wconf 81' lang='lat' dir='ltr'><strong>nocelloriu</strong></span> <span class='ocrx_word' id='word_1_73' title='bbox 598 1627 690 1704; x_wconf 83' lang='lat' dir='ltr'><strong>dori</strong></span> <span class='ocrx_word' id='word_1_74' title='bbox 720 1627 992 1712; x_wconf 83' lang='lat' dir='ltr'><strong>concluditur,</strong></span> <span class='ocrx_word' id='word_1_75' title='bbox 1034 1625 1119 1702; x_wconf 82' lang='lat' dir='ltr'><strong>&#39;ubi</strong></span> <span class='ocrx_word' id='word_1_76' title='bbox 1161 1631 1305 1728; x_wconf 82' lang='lat' dir='ltr'><strong>cor‘pus</strong></span> 
     </span>
     <span class='ocr_line' id='line_1_14' title="bbox 198 1725 1307 1828; baseline 0.005 -24"><span class='ocrx_word' id='word_1_77' title='bbox 198 1725 425 1804; x_wconf 83' lang='lat' dir='ltr'><strong>humanum</strong></span> <span class='ocrx_word' id='word_1_78' title='bbox 443 1728 765 1828; x_wconf 79' lang='lat' dir='ltr'><strong>existereinoipit.</strong></span> <span class='ocrx_word' id='word_1_79' title='bbox 800 1725 1201 1827; x_wconf 82' lang='lat' dir='ltr'><strong>Exquaidefinitione.</strong></span> <span class='ocrx_word' id='word_1_80' title='bbox 1219 1754 1307 1810; x_wconf 81' lang='lat' dir='ltr'><strong>non</strong></span> 
     </span>
     <span class='ocr_line' id='line_1_15' title="bbox 200 1827 1306 1940; baseline 0.005 -39"><span class='ocrx_word' id='word_1_81' title='bbox 200 1827 365 1903; x_wconf 85' lang='lat' dir='ltr'><strong>difficile</strong></span> <span class='ocrx_word' id='word_1_82' title='bbox 392 1829 661 1905; x_wconf 81' lang='lat' dir='ltr'><strong>demonstratu</strong></span> <span class='ocrx_word' id='word_1_83' title='bbox 693 1827 767 1906; x_wconf 84' lang='lat' dir='ltr'><strong>elle</strong></span> <span class='ocrx_word' id='word_1_84' title='bbox 800 1847 935 1932; x_wconf 83' lang='lat' dir='ltr'><strong>putat,</strong></span> <span class='ocrx_word' id='word_1_85' title='bbox 971 1835 1227 1908; x_wconf 81' lang='lat' dir='ltr'><strong>Voluntatem</strong></span> <span class='ocrx_word' id='word_1_86' title='bbox 1255 1831 1306 1940; x_wconf 64' lang='lat' dir='ltr'><strong>alt</strong></span> 
     </span>
     <span class='ocr_line' id='line_1_16' title="bbox 193 1919 1304 2034; baseline 0.002 -29"><span class='ocrx_word' id='word_1_87' title='bbox 193 1919 408 2005; x_wconf 69' lang='lat' dir='ltr'><strong>‘intellectu</strong></span> <span class='ocrx_word' id='word_1_88' title='bbox 429 1957 510 2006; x_wconf 92' lang='lat' dir='ltr'><strong>non</strong></span> <span class='ocrx_word' id='word_1_89' title='bbox 539 1933 749 2031; x_wconf 77' lang='lat' dir='ltr'><strong>distingui,</strong></span> <span class='ocrx_word' id='word_1_90' title='bbox 788 1934 918 2008; x_wconf 88' lang='lat' dir='ltr'><strong>multo</strong></span> <span class='ocrx_word' id='word_1_91' title='bbox 934 1935 1071 2010; x_wconf 89' lang='lat' dir='ltr'><strong>minus</strong></span> <span class='ocrx_word' id='word_1_92' title='bbox 1089 1931 1152 2022; x_wconf 75' lang='lat' dir='ltr'><strong>etl,</strong></span> <span class='ocrx_word' id='word_1_93' title='bbox 1181 1955 1304 2034; x_wconf 86' lang='lat' dir='ltr'><strong>quam</strong></span> 
     </span>
     <span class='ocr_line' id='line_1_17' title="bbox 197 2029 1305 2138; baseline 0.003 -31"><span class='ocrx_word' id='word_1_94' title='bbox 197 2033 259 2107; x_wconf 85' lang='lat' dir='ltr'><strong>illi</strong></span> <span class='ocrx_word' id='word_1_95' title='bbox 295 2031 490 2109; x_wconf 66' lang='lat' dir='ltr'><strong>ennesius</strong></span> <span class='ocrx_word' id='word_1_96' title='bbox 527 2033 731 2121; x_wconf 83' lang='lat' dir='ltr'><strong>adscribit,</strong></span> <span class='ocrx_word' id='word_1_97' title='bbox 774 2035 928 2138; x_wconf 81' lang='lat' dir='ltr'><strong>pollere</strong></span> <span class='ocrx_word' id='word_1_98' title='bbox 959 2029 1159 2123; x_wconf 61' lang='lat' dir='ltr'><strong>libertam</strong></span> <span class='ocrx_word' id='word_1_99' title='bbox 1202 2037 1305 2132; x_wconf 87' lang='lat' dir='ltr'><strong>quin</strong></span> 
     </span>
     <span class='ocr_line' id='line_1_18' title="bbox 197 2132 1303 2238; baseline 0.003 -30"><span class='ocrx_word' id='word_1_100' title='bbox 197 2133 285 2208; x_wconf 87' lang='lat' dir='ltr'><strong>imo</strong></span> <span class='ocrx_word' id='word_1_101' title='bbox 312 2139 323 2206; x_wconf 89' lang='lat' dir='ltr'><strong>i</strong></span> <span class='ocrx_word' id='word_1_102' title='bbox 330 2133 434 2232; x_wconf 80' lang='lat' dir='ltr'><strong>psam</strong></span> <span class='ocrx_word' id='word_1_103' title='bbox 463 2132 684 2212; x_wconf 84' lang='lat' dir='ltr'><strong>affirmandi</strong></span> <span class='ocrx_word' id='word_1_104' title='bbox 701 2153 741 2214; x_wconf 87' lang='lat' dir='ltr'><strong>et</strong></span> <span class='ocrx_word' id='word_1_105' title='bbox 757 2135 931 2238; x_wconf 80' lang='lat' dir='ltr'><strong>negandi</strong></span> <span class='ocrx_word' id='word_1_106' title='bbox 945 2133 1174 2210; x_wconf 78' lang='lat' dir='ltr'><strong>facultatem</strong></span> <span class='ocrx_word' id='word_1_107' title='bbox 1191 2161 1303 2237; x_wconf 89' lang='lat' dir='ltr'><strong>pror·</strong></span> 
     </span>
     <span class='ocr_line' id='line_1_19' title="bbox 193 2227 1303 2338; baseline 0.004 -28"><span class='ocrx_word' id='word_1_108' title='bbox 193 2227 264 2310; x_wconf 56' lang='lat' dir='ltr'><strong>&#39;sus</strong></span> <span class='ocrx_word' id='word_1_109' title='bbox 290 2231 492 2322; x_wconf 67' lang='lat' dir='ltr'><strong>fictitiam</strong></span> <span class='ocrx_word' id='word_1_110' title='bbox 532 2251 573 2326; x_wconf 67' lang='lat' dir='ltr'><strong>et</strong></span> <span class='ocrx_word' id='word_1_111' title='bbox 589 2241 721 2316; x_wconf 81' lang='lat' dir='ltr'><strong>autem</strong></span> <span class='ocrx_word' id='word_1_112' title='bbox 753 2236 1175 2338; x_wconf 69' lang='lat' dir='ltr'><strong>affirmare&#39;et&#39;negare</strong></span> <span class='ocrx_word' id='word_1_113' title='bbox 1197 2239 1303 2314; x_wconf 89' lang='lat' dir='ltr'><strong>nihil</strong></span> 
     </span>
     <span class='ocr_line' id='line_1_20' title="bbox 196 2335 1303 2437; baseline 0.005 -29"><span class='ocrx_word' id='word_1_114' title='bbox 196 2353 355 2436; x_wconf 79' lang='lat' dir='ltr'><strong>praeter</strong></span> <span class='ocrx_word' id='word_1_115' title='bbox 379 2338 486 2413; x_wconf 87' lang='lat' dir='ltr'><strong>ideas</strong></span> <span class='ocrx_word' id='word_1_116' title='bbox 511 2335 602 2434; x_wconf 76' lang='lat' dir='ltr'><strong>elle3</strong></span> <span class='ocrx_word' id='word_1_117' title='bbox 631 2349 799 2418; x_wconf 82' lang='lat' dir='ltr'><strong>caeteras</strong></span> <span class='ocrx_word' id='word_1_118' title='bbox 814 2364 912 2418; x_wconf 82' lang='lat' dir='ltr'><strong>vero</strong></span> <span class='ocrx_word' id='word_1_119' title='bbox 927 2335 1151 2426; x_wconf 83' lang='lat' dir='ltr'><strong>facultates,</strong></span> <span class='ocrx_word' id='word_1_120' title='bbox 1181 2356 1227 2432; x_wconf 83' lang='lat' dir='ltr'><strong>ut</strong></span> <span class='ocrx_word' id='word_1_121' title='bbox 1242 2345 1303 2437; x_wconf 88' lang='lat' dir='ltr'><strong>ln·</strong></span> 
     </span>
     <span class='ocr_line' id='line_1_21' title="bbox 195 2435 1302 2543; baseline 0.003 -32"><span class='ocrx_word' id='word_1_122' title='bbox 195 2437 422 2526; x_wconf 76' lang='lat' dir='ltr'><strong>tellectum,</strong></span> <span class='ocrx_word' id='word_1_123' title='bbox 467 2435 759 2543; x_wconf 83' lang='lat' dir='ltr'><strong>Cupiditatem,</strong></span> <span class='ocrx_word' id='word_1_124' title='bbox 802 2455 874 2514; x_wconf 89' lang='lat' dir='ltr'><strong>etc.</strong></span> <span class='ocrx_word' id='word_1_125' title='bbox 905 2442 951 2514; x_wconf 84' lang='lat' dir='ltr'><strong>iu</strong></span> <span class='ocrx_word' id='word_1_126' title='bbox 981 2464 1195 2514; x_wconf 88' lang='lat' dir='ltr'><strong>numerum</strong></span> <span class='ocrx_word' id='word_1_127' title='bbox 1229 2435 1302 2542; x_wconf 85' lang='lat' dir='ltr'><strong>fig-</strong></span> 
     </span>
     <span class='ocr_line' id='line_1_22' title="bbox 195 2541 1301 2641; baseline 0.005 -27"><span class='ocrx_word' id='word_1_128' title='bbox 195 2559 451 2631; x_wconf 79' lang='lat' dir='ltr'><strong>mentorum,</strong></span> <span class='ocrx_word' id='word_1_129' title='bbox 488 2561 555 2618; x_wconf 91' lang='lat' dir='ltr'><strong>aut</strong></span> <span class='ocrx_word' id='word_1_130' title='bbox 584 2541 718 2620; x_wconf 79' lang='lat' dir='ltr'><strong>saltem</strong></span> <span class='ocrx_word' id='word_1_131' title='bbox 745 2542 905 2618; x_wconf 84' lang='lat' dir='ltr'><strong>illarum</strong></span> <span class='ocrx_word' id='word_1_132' title='bbox 926 2545 1301 2641; x_wconf 34' lang='lat' dir='ltr'><strong>notionumssreponi</strong></span> 
     </span>
     <span class='ocr_line' id='line_1_23' title="bbox 89 2637 1301 2742; baseline 0.006 -29"><span class='ocrx_word' id='word_1_133' title='bbox 89 2639 92 2649; x_wconf 86' lang='lat'>&#39;</span> <span class='ocrx_word' id='word_1_134' title='bbox 195 2637 366 2730; x_wconf 83' lang='lat' dir='ltr'><strong>debere,</strong></span> <span class='ocrx_word' id='word_1_135' title='bbox 407 2669 503 2742; x_wconf 78' lang='lat' dir='ltr'><strong>quas</strong></span> <span class='ocrx_word' id='word_1_136' title='bbox 530 2647 715 2720; x_wconf 76' lang='lat' dir='ltr'><strong>homines</strong></span> <span class='ocrx_word' id='word_1_137' title='bbox 742 2665 789 2716; x_wconf 82' lang='lat' dir='ltr'><strong>ex</strong></span> <span class='ocrx_word' id='word_1_138' title='bbox 813 2667 882 2724; x_wconf 84' lang='lat' dir='ltr'><strong>eo,</strong></span> <span class='ocrx_word' id='word_1_139' title='bbox 905 2643 1019 2740; x_wconf 88' lang='lat' dir='ltr'><strong>quod</strong></span> <span class='ocrx_word' id='word_1_140' title='bbox 1032 2647 1096 2718; x_wconf 85' lang='lat' dir='ltr'><strong>r&#39;es</strong></span> <span class='ocrx_word' id='word_1_141' title='bbox 1115 2643 1301 2720; x_wconf 83' lang='lat' dir='ltr'><strong>abstracte</strong></span> 
     </span>
     <span class='ocr_line' id='line_1_24' title="bbox 196 2742 1301 2846; baseline 0.005 -31"><span class='ocrx_word' id='word_1_142' title='bbox 196 2747 449 2844; x_wconf 86' lang='lat' dir='ltr'><strong>concipiunt,</strong></span> <span class='ocrx_word' id='word_1_143' title='bbox 487 2742 784 2846; x_wconf 60' lang='lat' dir='ltr'><strong>formaverunt,</strong></span> <span class='ocrx_word' id='word_1_144' title='bbox 818 2743 954 2842; x_wconf 89' lang='lat' dir='ltr'><strong>quales</strong></span> <span class='ocrx_word' id='word_1_145' title='bbox 980 2743 1090 2832; x_wconf 84' lang='lat' dir='ltr'><strong>sunt,</strong></span> <span class='ocrx_word' id='word_1_146' title='bbox 1114 2745 1301 2820; x_wconf 73' lang='lat' dir='ltr'><strong>hannani·</strong></span> 
     </span>
     <span class='ocr_line' id='line_1_25' title="bbox 194 2843 966 2944; baseline -0.005 -24"><span class='ocrx_word' id='word_1_147' title='bbox 194 2859 273 2932; x_wconf 83' lang='lat' dir='ltr'><strong>tas,</strong></span> <span class='ocrx_word' id='word_1_148' title='bbox 300 2845 527 2944; x_wconf 64' lang='lat' dir='ltr'><strong>lapideum,</strong></span> <span class='ocrx_word' id='word_1_149' title='bbox 560 2861 598 2920; x_wconf 87' lang='lat' dir='ltr'><strong>et</strong></span> <span class='ocrx_word' id='word_1_150' title='bbox 619 2843 664 2918; x_wconf 85' lang='lat' dir='ltr'><strong>id</strong></span> <span class='ocrx_word' id='word_1_151' title='bbox 679 2867 805 2944; x_wconf 85' lang='lat' dir='ltr'><strong>genus</strong></span> <span class='ocrx_word' id='word_1_152' title='bbox 823 2844 934 2916; x_wconf 86' lang='lat' dir='ltr'><strong>aliae.</strong></span> <span class='ocrx_word' id='word_1_153' title='bbox 961 2843 966 2850; x_wconf 76' lang='grc'><strong>’</strong></span> 
     </span>
    </p>

    <p class='ocr_par' dir='ltr' id='par_1_3' title="bbox 191 2943 1407 4370">
     <span class='ocr_line' id='line_1_26' title="bbox 303 2943 1298 3042; baseline 0.005 -26"><span class='ocrx_word' id='word_1_154' title='bbox 303 2943 643 3019; x_wconf 79' lang='lat' dir='ltr'><strong>Praetereundum</strong></span> <span class='ocrx_word' id='word_1_155' title='bbox 682 2945 802 3019; x_wconf 85' lang='lat' dir='ltr'><strong>etiarn</strong></span> <span class='ocrx_word' id='word_1_156' title='bbox 842 2945 910 3018; x_wconf 80' lang='lat' dir='ltr'><strong>itio</strong></span> <span class='ocrx_word' id='word_1_157' title='bbox 946 2945 1298 3042; x_wconf 74' lang='lat' dir='ltr'><strong>nequaquum&#39;el‘t,</strong></span> 
     </span>
     <span class='ocr_line' id='line_1_27' title="bbox 193 3041 1299 3137; baseline 0.001 -14"><span class='ocrx_word' id='word_1_158' title='bbox 193 3047 236 3123; x_wconf 88' lang='lat' dir='ltr'><strong>in</strong></span> <span class='ocrx_word' id='word_1_159' title='bbox 264 3047 436 3121; x_wconf 88' lang='lat' dir='ltr'><strong>eundem</strong></span> <span class='ocrx_word' id='word_1_160' title='bbox 465 3045 627 3120; x_wconf 87' lang='lat' dir='ltr'><strong>oenl&#39;um</strong></span> <span class='ocrx_word' id='word_1_161' title='bbox 658 3046 797 3120; x_wconf 82' lang='lat' dir='ltr'><strong>venire</strong></span> <span class='ocrx_word' id='word_1_162' title='bbox 829 3043 994 3132; x_wconf 82' lang='lat' dir='ltr'><strong>debere,</strong></span> <span class='ocrx_word' id='word_1_163' title='bbox 1020 3047 1106 3130; x_wconf 78' lang='lat' dir='ltr'><strong>hoc</strong></span> <span class='ocrx_word' id='word_1_164' title='bbox 1138 3041 1210 3137; x_wconf 83' lang='lat' dir='ltr'><strong>est,</strong></span> <span class='ocrx_word' id='word_1_165' title='bbox 1247 3073 1299 3124; x_wconf 89' lang='lat' dir='ltr'><strong>ex</strong></span> 
     </span>
     <span class='ocr_line' id='line_1_28' title="bbox 195 3145 1407 3245; baseline 0.002 -21"><span class='ocrx_word' id='word_1_166' title='bbox 195 3145 360 3224; x_wconf 80' lang='lat' dir='ltr'><strong>Cartefii</strong></span> <span class='ocrx_word' id='word_1_167' title='bbox 387 3165 519 3221; x_wconf 86' lang='lat' dir='ltr'><strong>mente</strong></span> <span class='ocrx_word' id='word_1_168' title='bbox 546 3165 699 3223; x_wconf 89' lang='lat' dir='ltr'><strong>tantum</strong></span> <span class='ocrx_word' id='word_1_169' title='bbox 727 3145 828 3234; x_wconf 87' lang='lat' dir='ltr'><strong>dici,</strong></span> <span class='ocrx_word' id='word_1_170' title='bbox 875 3145 986 3244; x_wconf 87' lang='lat' dir='ltr'><strong>quod</strong></span> <span class='ocrx_word' id='word_1_171' title='bbox 1020 3147 1299 3245; x_wconf 85' lang='lat' dir='ltr'><strong>aliquibns&#39;in</strong></span> <span class='ocrx_word' id='word_1_172' title='bbox 1401 3193 1407 3208; x_wconf 90' lang='lat'><strong>·</strong></span> 
     </span>
     <span class='ocr_line' id='line_1_29' title="bbox 193 3249 1298 3350; baseline -0.007 -26"><span class='ocrx_word' id='word_1_173' title='bbox 193 3249 531 3350; x_wconf 83' lang='lat' dir='ltr'><strong>locis-reperitur,</strong></span> <span class='ocrx_word' id='word_1_174' title='bbox 559 3271 703 3350; x_wconf 82' lang='lat' dir='ltr'><strong>nempe</strong></span> <span class='ocrx_word' id='word_1_175' title='bbox 722 3249 788 3320; x_wconf 81' lang='lat' dir='ltr'><strong>hoc</strong></span> <span class='ocrx_word' id='word_1_176' title='bbox 804 3265 873 3321; x_wconf 85' lang='lat' dir='ltr'><strong>out</strong></span> <span class='ocrx_word' id='word_1_177' title='bbox 888 3249 980 3319; x_wconf 80' lang='lat' dir='ltr'><strong>illud</strong></span> <span class='ocrx_word' id='word_1_178' title='bbox 995 3265 1147 3342; x_wconf 77' lang='lat' dir='ltr'><strong>captum</strong></span> <span class='ocrx_word' id='word_1_179' title='bbox 1173 3250 1298 3324; x_wconf 74' lang='lat' dir='ltr'><strong>tuma.</strong></span> 
     </span>
     <span class='ocr_line' id='line_1_30' title="bbox 193 3347 1296 3451; baseline 0.005 -29"><span class='ocrx_word' id='word_1_180' title='bbox 193 3377 283 3439; x_wconf 76' lang='lat' dir='ltr'><strong>rrum</strong></span> <span class='ocrx_word' id='word_1_181' title='bbox 302 3347 488 3450; x_wconf 74' lang='lat' dir='ltr'><strong>funerare.</strong></span> <span class='ocrx_word' id='word_1_182' title='bbox 540 3353 684 3450; x_wconf 84' lang='lat' dir='ltr'><strong>Neque</strong></span> <span class='ocrx_word' id='word_1_183' title='bbox 711 3353 820 3426; x_wconf 88' lang='lat' dir='ltr'><strong>enim</strong></span> <span class='ocrx_word' id='word_1_184' title='bbox 837 3351 987 3426; x_wconf 82' lang='lat' dir='ltr'><strong>hocita</strong></span> <span class='ocrx_word' id='word_1_185' title='bbox 1003 3351 1296 3451; x_wconf 85' lang='lat' dir='ltr'><strong>accipiendum,</strong></span> 
     </span>
     <span class='ocr_line' id='line_1_31' title="bbox 194 3449 1297 3556; baseline -0.001 -26"><span class='ocrx_word' id='word_1_186' title='bbox 194 3477 238 3530; x_wconf 83' lang='lat' dir='ltr'><strong>ac</strong></span> <span class='ocrx_word' id='word_1_187' title='bbox 264 3451 366 3530; x_wconf 75' lang='lat' dir='ltr'><strong>fi&#39;ex</strong></span> <span class='ocrx_word' id='word_1_188' title='bbox 392 3450 554 3554; x_wconf 72' lang='lat' dir='ltr'><strong>proprii</strong></span> <span class='ocrx_word' id='word_1_189' title='bbox 585 3450 778 3529; x_wconf 70' lang='lat' dir='ltr'><strong>sententiti</strong></span> <span class='ocrx_word' id='word_1_190' title='bbox 809 3451 902 3528; x_wconf 88' lang='lat' dir='ltr'><strong>talia</strong></span> <span class='ocrx_word' id='word_1_191' title='bbox 934 3449 1133 3556; x_wconf 82' lang='lat' dir='ltr'><strong>proferret</strong></span> <span class='ocrx_word' id='word_1_192' title='bbox 1163 3453 1297 3530; x_wconf 79' lang='lat' dir='ltr'><strong>noller</strong></span> 
     </span>
     <span class='ocr_line' id='line_1_32' title="bbox 192 3553 1297 3656; baseline -0.001 -23"><span class='ocrx_word' id='word_1_193' title='bbox 192 3559 359 3633; x_wconf 78' lang='lat' dir='ltr'><strong>Autltor.</strong></span> <span class='ocrx_word' id='word_1_194' title='bbox 415 3555 692 3632; x_wconf 79' lang='lat' dir='ltr'><strong>Iudicat&#39;enint</strong></span> <span class='ocrx_word' id='word_1_195' title='bbox 710 3553 779 3630; x_wconf 86' lang='lat' dir='ltr'><strong>illa</strong></span> <span class='ocrx_word' id='word_1_196' title='bbox 797 3557 953 3644; x_wconf 83' lang='lat' dir='ltr'><strong>omnia,</strong></span> <span class='ocrx_word' id='word_1_197' title='bbox 984 3557 1160 3630; x_wconf 73' lang='lat' dir='ltr'><strong>ucetiam</strong></span> <span class='ocrx_word' id='word_1_198' title='bbox 1179 3556 1297 3656; x_wconf 81' lang='lat' dir='ltr'><strong>plura</strong></span> 
     </span>
     <span class='ocr_line' id='line_1_33' title="bbox 193 3656 1295 3758; baseline 0.002 -26"><span class='ocrx_word' id='word_1_199' title='bbox 193 3660 269 3732; x_wconf 81' lang='lat' dir='ltr'><strong>alia</strong></span> <span class='ocrx_word' id='word_1_200' title='bbox 304 3661 428 3758; x_wconf 86' lang='lat' dir='ltr'><strong>magis</strong></span> <span class='ocrx_word' id='word_1_201' title='bbox 462 3656 648 3732; x_wconf 81' lang='lat' dir='ltr'><strong>sublimia</strong></span> <span class='ocrx_word' id='word_1_202' title='bbox 685 3673 802 3756; x_wconf 83' lang='lat' dir='ltr'><strong>atque</strong></span> <span class='ocrx_word' id='word_1_203' title='bbox 834 3656 996 3732; x_wconf 82' lang='lat' dir='ltr'><strong>Iubtilia</strong></span> <span class='ocrx_word' id='word_1_204' title='bbox 1029 3681 1114 3731; x_wconf 91' lang='lat' dir='ltr'><strong>non</strong></span> <span class='ocrx_word' id='word_1_205' title='bbox 1137 3673 1295 3734; x_wconf 87' lang='lat' dir='ltr'><strong>tantum</strong></span> 
     </span>
     <span class='ocr_line' id='line_1_34' title="bbox 194 3755 1296 3861; baseline -0.002 -27"><span class='ocrx_word' id='word_1_206' title='bbox 194 3761 298 3834; x_wconf 76' lang='lat' dir='ltr'><strong>clere</strong></span> <span class='ocrx_word' id='word_1_207' title='bbox 317 3785 360 3833; x_wconf 85' lang='lat' dir='ltr'><strong>ac</strong></span> <span class='ocrx_word' id='word_1_208' title='bbox 378 3757 560 3836; x_wconf 81' lang='lat' dir='ltr'><strong>distincte</strong></span> <span class='ocrx_word' id='word_1_209' title='bbox 577 3785 597 3832; x_wconf 88' lang='lat' dir='ltr'><strong>a</strong></span> <span class='ocrx_word' id='word_1_210' title='bbox 614 3757 732 3834; x_wconf 85' lang='lat' dir='ltr'><strong>nobis</strong></span> <span class='ocrx_word' id='word_1_211' title='bbox 755 3758 939 3861; x_wconf 86' lang='lat' dir='ltr'><strong>concipi,</strong></span> <span class='ocrx_word' id='word_1_212' title='bbox 970 3755 1038 3832; x_wconf 86' lang='lat' dir='ltr'><strong>sed</strong></span> <span class='ocrx_word' id='word_1_213' title='bbox 1054 3759 1177 3834; x_wconf 85' lang='lat' dir='ltr'><strong>etiam</strong></span> <span class='ocrx_word' id='word_1_214' title='bbox 1192 3785 1296 3834; x_wconf 88' lang='lat' dir='ltr'><strong>corn·</strong></span> 
     </span>
     <span class='ocr_line' id='line_1_35' title="bbox 192 3857 1305 3959; baseline 0 -23"><span class='ocrx_word' id='word_1_215' title='bbox 192 3861 412 3943; x_wconf 84' lang='lat' dir='ltr'><strong>modillnne</strong></span> <span class='ocrx_word' id='word_1_216' title='bbox 434 3858 622 3959; x_wconf 87' lang='lat' dir='ltr'><strong>explicari</strong></span> <span class='ocrx_word' id='word_1_217' title='bbox 647 3857 772 3958; x_wconf 85' lang='lat' dir='ltr'><strong>polle:</strong></span> <span class='ocrx_word' id='word_1_218' title='bbox 805 3857 835 3936; x_wconf 85' lang='lat' dir='ltr'><strong>fi</strong></span> <span class='ocrx_word' id='word_1_219' title='bbox 858 3860 982 3935; x_wconf 81' lang='lat' dir='ltr'><strong>morlo</strong></span> <span class='ocrx_word' id='word_1_220' title='bbox 1004 3857 1206 3938; x_wconf 79' lang='lat' dir='ltr'><strong>humanus</strong></span> <span class='ocrx_word' id='word_1_221' title='bbox 1230 3871 1305 3936; x_wconf 61' lang='lat' dir='ltr'><strong>Ine</strong></span> 
     </span>
     <span class='ocr_line' id='line_1_36' title="bbox 192 3958 1295 4064; baseline 0 -23"><span class='ocrx_word' id='word_1_222' title='bbox 192 3963 372 4041; x_wconf 83' lang='lat' dir='ltr'><strong>tellectus</strong></span> <span class='ocrx_word' id='word_1_223' title='bbox 398 3964 473 4038; x_wconf 86' lang='lat' dir='ltr'><strong>alia</strong></span> <span class='ocrx_word' id='word_1_224' title='bbox 494 3963 580 4049; x_wconf 77' lang='lat' dir='ltr'><strong>uia,</strong></span> <span class='ocrx_word' id='word_1_225' title='bbox 612 3985 732 4060; x_wconf 81' lang='lat' dir='ltr'><strong>quam</strong></span> <span class='ocrx_word' id='word_1_226' title='bbox 757 3985 859 4060; x_wconf 89' lang='lat' dir='ltr'><strong>quae</strong></span> <span class='ocrx_word' id='word_1_227' title='bbox 889 3987 911 4034; x_wconf 84' lang='lat' dir='ltr'><strong>a</strong></span> <span class='ocrx_word' id='word_1_228' title='bbox 942 3958 1116 4038; x_wconf 87' lang='lat' dir='ltr'><strong>Cartefio</strong></span> <span class='ocrx_word' id='word_1_229' title='bbox 1159 3979 1295 4064; x_wconf 81' lang='lat' dir='ltr'><strong>aperta</strong></span> 
     </span>
     <span class='ocr_line' id='line_1_37' title="bbox 193 4059 1295 4164; baseline -0.002 -22"><span class='ocrx_word' id='word_1_230' title='bbox 193 4084 312 4164; x_wconf 83' lang='lat' dir='ltr'><strong>atque</strong></span> <span class='ocrx_word' id='word_1_231' title='bbox 339 4065 453 4141; x_wconf 81' lang='lat' dir='ltr'><strong>strata</strong></span> <span class='ocrx_word' id='word_1_232' title='bbox 479 4059 553 4148; x_wconf 85' lang='lat' dir='ltr'><strong>est,</strong></span> <span class='ocrx_word' id='word_1_233' title='bbox 583 4065 627 4136; x_wconf 89' lang='lat' dir='ltr'><strong>in</strong></span> <span class='ocrx_word' id='word_1_234' title='bbox 645 4065 823 4140; x_wconf 81' lang='lat' dir='ltr'><strong>veritatis</strong></span> <span class='ocrx_word' id='word_1_235' title='bbox 851 4061 1199 4164; x_wconf 83' lang='lat' dir='ltr'><strong>investigationem</strong></span> <span class='ocrx_word' id='word_1_236' title='bbox 1233 4091 1295 4140; x_wconf 86' lang='lat' dir='ltr'><strong>re·</strong></span> 
     </span>
     <span class='ocr_line' id='line_1_38' title="bbox 191 4159 1295 4266; baseline -0.001 -23"><span class='ocrx_word' id='word_1_237' title='bbox 191 4159 365 4266; x_wconf 76' lang='lat' dir='ltr'><strong>rumque</strong></span> <span class='ocrx_word' id='word_1_238' title='bbox 392 4167 665 4264; x_wconf 85' lang='lat' dir='ltr'><strong>cognitionem</strong></span> <span class='ocrx_word' id='word_1_239' title='bbox 688 4161 930 4240; x_wconf 86' lang='lat' dir='ltr'><strong>deducatur:</strong></span> <span class='ocrx_word' id='word_1_240' title='bbox 960 4181 1080 4262; x_wconf 84' lang='lat' dir='ltr'><strong>atque</strong></span> <span class='ocrx_word' id='word_1_241' title='bbox 1107 4163 1295 4242; x_wconf 78' lang='lat' dir='ltr'><strong>adeolci·</strong></span> 
     </span>
     <span class='ocr_line' id='line_1_39' title="bbox 192 4261 1294 4370; baseline -0.002 -24"><span class='ocrx_word' id='word_1_242' title='bbox 192 4273 393 4348; x_wconf 74' lang='lat' dir='ltr'><strong>cotiarum</strong></span> <span class='ocrx_word' id='word_1_243' title='bbox 423 4261 687 4348; x_wconf 73' lang='lat' dir='ltr'><strong>fundamenta</strong></span> <span class='ocrx_word' id='word_1_244' title='bbox 712 4263 736 4344; x_wconf 80' lang='lat' dir='ltr'><strong>t</strong></span> <span class='ocrx_word' id='word_1_245' title='bbox 763 4263 937 4346; x_wconf 85' lang='lat' dir='ltr'><strong>Cartesto</strong></span> <span class='ocrx_word' id='word_1_246' title='bbox 960 4281 1094 4358; x_wconf 83' lang='lat' dir='ltr'><strong>eruta,</strong></span> <span class='ocrx_word' id='word_1_247' title='bbox 1117 4281 1175 4345; x_wconf 72' lang='lat' dir='ltr'><strong>‘et</strong></span> <span class='ocrx_word' id='word_1_248' title='bbox 1191 4291 1294 4370; x_wconf 82' lang='lat' dir='ltr'><strong>quno</strong></span> 
     </span>
    </p>

    <p class='ocr_par' dir='ltr' id='par_1_4' title="bbox 440 4395 1291 4448">
     <span class='ocr_line' id='line_1_40' title="bbox 440 4395 1291 4448; baseline 0 -2"><span class='ocrx_word' id='word_1_249' title='bbox 440 4401 445 4418; x_wconf 69' lang='grc'><em>’</em></span> <span class='ocrx_word' id='word_1_250' title='bbox 1239 4395 1291 4448; x_wconf 82' lang='lat' dir='ltr'><strong>ns</strong></span> 
     </span>
    </p>
   </div>
   <div class='ocr_carea' id='block_1_2' title="bbox 0 0 1434 4814">
    <p class='ocr_par' dir='ltr' id='par_1_5' title="bbox 0 0 1434 4814">
     <span class='ocr_line' id='line_1_41' title="bbox 0 0 1434 4814; baseline 0 5"><span class='ocrx_word' id='word_1_251' title='bbox 0 0 1434 4814; x_wconf 95' lang='lat' dir='ltr'><strong> </strong></span> 
     </span>
    </p>
   </div>
  </div>
 </body>
</html>
